2417 3900
249 82 332 144 58
713 79 812 140 ΒΕ
857 77 1120 140 GESTts
1160 75 1591 137 ALEXANDRI
1632 76 1871 137 MAGNI
1979 140 1984 146 ,

251 202 532 279 Amyntas
569 205 722 258 erat:
771 195 1096 258 Phalaecus
1125 193 1402 257 Balacros
1440 193 1685 272 regebat
1718 193 1783 254 in
1828 193 2171 258 societatem
2206 216 2321 261 nu-

144 295 227 359 29
249 304 359 366 per
381 283 618 346 ascitos.
661 283 822 345 Haec
843 279 1034 345 dextri
1059 299 1276 344 cornus
1307 281 1483 344 facies
1504 290 1655 341 0131.
1744 280 1811 340 111
1848 281 2012 342 laevo
2040 282 2318 346 CratErus

244 370 792 451 Peloponnensium
819 369 1046 450 equites
1067 367 1340 442 habebat,
1375 368 1741 428 Achaeorum
1766 375 1825 427 01
1846 367 2238 430 Locrensium
2265 378 2324 432 et

245 457 500 520 Malieon
529 455 740 517 turmis
767 455 883 518 sibi
907 452 1221 534 adiunctis.
1265 453 1392 515 Hos
1416 452 1682 515 Thessali
1708 452 1938 531 equites
1967 453 2321 518 claudebant

245 543 522 624 Philippo
551 541 722 604 duce.
785 541 1058 604 Peditum
1085 539 1245 602 acies
1274 539 1534 620 equitatu
1560 537 1883 617 tegebatur.
1947 539 2143 600 Frons
2175 543 2323 603 laevi

141 635 225 701 30
245 648 463 693 cornus
485 628 634 690 haec
659 636 804 690 erat.
893 628 1012 689 Sed
1033 646 1112 688 ne
1135 625 1430 688 circumiri
1455 636 1659 706 posset
1688 643 1721 684 a
1746 625 2144 701 multitudine,
2191 628 2323 689 ulti-

243 735 407 778 mum
439 731 654 794 agmen
689 714 880 777 valida
916 730 1098 775 manu
1147 713 1429 773 cinxerat.
1499 712 1732 773 Cornua
1766 730 2002 790 quoque
2040 713 2321 775 subsidiis

245 797 516 874 firmavit,
553 819 676 863 non
698 809 864 862 recta
888 801 1102 873 fronte,
1142 799 1249 859 sed
1278 815 1311 859 a
1333 799 1515 860 latere
1539 797 1765 876 positiS‚
1793 807 1875 871 ut,
1910 798 1961 858 si
1989 799 2185 860 hostis
2214 801 2323 861 cir-

145 891 226 956 31
249 885 588 948 cumvenire
612 887 798 946 aciem
823 892 1123 959 tentasset,
1161 891 1369 964 parata
1397 901 1629 966 pugnae
1654 884 1867 944 forent.
1953 884 2064 944 Hic
2087 885 2323 963 Agriani

249 979 436 1046 erant,
465 970 678 1050 quibus
695 972 922 1033 Attalus
943 977 1235 1069 praeerat,
1263 969 1551 1031 adiunctis
1579 968 1890 1066 sagittariis
1922 969 2321 1033 Cretensibus.

247 1057 504 1120 Ultimos
543 1057 782 1120 ordines
808 1057 1012 1118 avertit
1036 1075 1068 1117 a
1106 1058 1320 1130 fronte,
1368 1063 1433 1116 ut
1460 1063 1641 1119 totam
1668 1046 1853 1116 aciem
1880 1055 2023 1116 orbe
2051 1058 2322 1119 muniret.

145 1148 230 1212 32
250 1143 430 1224 Illyrii
463 1143 564 1204 hic
594 1152 780 1218 erant,
826 1143 1102 1205 adiuncto
1133 1142 1315 1203 milite
1350 1141 1624 1202 mercede
1657 1141 1971 1202 conducto.
2062 1143 2319 1204 Thracas

247 1247 485 1312 quoque
509 1228 685 1292 simul
713 1230 1008 1291 obiecerat
1029 1227 1237 1290 leviter
1260 1235 1537 1288 31313105.
1598 1227 1883 1306 Adeoque
1910 1226 2095 1288 aciem
2130 1248 2325 1290 versa-

245 1317 406 1378 tilem
445 1316 664 1396 posuit,
707 1325 788 1389 ut,
827 1315 926 1394 qui
951 1315 1137 1378 ultimi
1161 1315 1415 1389 stabant,
1456 1331 1533 1374 ne
1561 1313 2029 1386 circumirentur,
2062 1317 2219 1377 verti
2242 1325 2323 1376 ta-

245 1420 386 1464 men
413 1401 558 1464 etin
583 1403 834 1463 frontem
866 1401 1178 1480 circumagi
1204 1406 1471 1481 possent.
1516 1398 1716 1479 ltaque
1744 1418 1865 1460 non
1892 1399 2103 1479 prima,
2156 1420 2325 1482 quam

247 1489 453 1560 latera,
489 1507 612 1549 non
635 1488 818 1551 latera
843 1486 1160 1549 munitiora
1187 1489 1371 1561 fuere,
1398 1502 1572 1565 quam
1602 1493 1786 1562 terga.

142 1574 227 1643 33
377 1573 483 1634 His
505 1573 582 1634 ita
602 1573 888 1634 ordinatis
914 1571 1215 1653 praecipit,
1244 1582 1325 1646 ut,
1350 1572 1402 1634 si
1431 1573 1673 1633 falcatos
1699 1589 1908 1631 currus
1929 1581 2067 1630 cum
2094 1570 2328 1634 fremitu

247 1657 484 1722 barbari
505 1659 854 1732 emitterent,
881 1659 997 1739 ipsi
1014 1659 1218 1719 laxatis
1244 1619 1553 1720 ordinibus
1582 1658 1866 1736 impetum
1893 1657 2329 1720 occurrentium

249 1743 481 1806 silentio
523 1744 878 1824 exciperent,
918 1743 1086 1806 113311
1121 1743 1356 1818 (1311135,
1404 1744 1535 1805 51110
1574 1761 1727 1804 noxa
1749 1730 2238 1818 transcursuroS,
2288 1744 2330 1805 si

147 1877 150 1880 .
248 1847 426 1891 nemo
453 1847 518 1890 se
545 1837 902 1910 opponeret.
925 1829 1018 1890 sin
1039 1837 1235 1898 autem
1256 1829 1385 1890 sine
1407 1829 1640 1891 fremitu
1661 1828 2064 1903 immisissent,
2092 1845 2205 1890 eos
2229 1830 2332 1910 ipsi

250 1915 508 1979 clamore
536 1923 831 1978 terrerent
852 1915 1217 1995 pavidosque
1245 1933 1433 1994 equos
1462 1915 1595 1977 telis
1624 1915 1915 1995 utrimque
1942 1915 2333 1979 suffoderent.
2396 1929 2403 1974 ι’.

145 2000 233 2063 34
253 2000 368 2075 Qui
396 2001 674 2063 cornibus
701 2009 1038 2081 praeerant,
1075 2002 1395 2063 extendere
1420 2020 1490 2063 ea
1520 2002 1689 2077 iussi,
1710 2003 1789 2062 ita
1821 2011 1887 2063 ut
1918 2018 2033 2061 nec
2072 2002 2330 2065 circum·
2403 1996 2405 2064 ὲ

200 2144 202 2151 .
254 2085 616 2162 venirentur,
659 2089 710 2149 si
747 2087 960 2149 arctius
987 2095 1232 2162 starent,
1266 2106 1380 2149 nec
1402 2096 1600 2149 tamen
1624 2088 1886 2150 ultimam
1914 2086 2105 2149 aciem
2135 2090 2335 2152 exina-
2402 2084 2407 2162 ,l

145 2172 229 2238 35
249 2172 465 2237 nirent.
556 2173 984 2255 Impedimenta
1012 2193 1146 2235 cum
1173 2173 1433 2254 captivis,
1471 2174 1625 2235 inter
1653 2191 1805 2255 quos
1832 2181 2021 2235 mater
2040 2173 2338 2257 liberique
2402 2171 2407 2230 Ι

250 2260 423 2324 Darei
452 2260 954 2336 custodiebantur,
991 2260 1152 2322 haud
1179 2261 1391 2341 procul
1416 2260 1541 2321 acie
1567 2260 1629 2321 in
1658 2261 1817 2323 edito
1848 2260 1998 2321 colle
2024 2262 2339 2323 constituit

249 2346 486 2411 modico
523 2347 822 2429 praesidio
857 2347 1082 2409 relicto.
1146 2346 1405 2407 Laevum
1444 2364 1647 2420 cornu,
1704 2344 2047 2419 5103131135,
2087 2346 2340 2409 Parme-

145 2430 231 2494 36
251 2432 417 2494 niani
459 2435 750 2496 tuendum
799 2434 1034 2497 datum:
1083 2432 1213 2512 ipse
1258 2433 1321 2494 in
1368 2432 1575 2494 dextro
1626 2433 1839 2494 stabat.
1928 2430 2219 2493 Nondum
2266 2434 2337 2495 ad

165 2562 172 2573 .
248 2516 467 2579 iactum
491 2519 592 2580 teli
617 2529 1026 2599 pervenerant,
1076 2536 1257 2599 quum
1284 2518 1435 2580 Bion
1463 2518 1700 2597 quidam
1726 2518 2053 2596 transfuga,
2109 2528 2337 2597 quanto

251 2602 506 2664 maximo
534 2623 711 2666 cursu
735 2612 1026 2683 potuerat,
1061 2605 1136 2665 ad
1156 2623 1359 2683 regem
1390 2605 1685 2684 pervenit:
1725 2604 2034 2677 nuncians,
2072 2604 2337 2678 murices

251 2688 528 2755 ferreos
509 2698 816 2752 interram
843 2690 1140 2753 defodisse
1163 2689 1440 2765 Dareum,
1490 2707 1605 2770 qua
1630 2690 1863 2752 hostem
1892 2688 2126 2769 equites
2154 2692 2337 2753 emis-

254 2791 462 2835 surum
499 2792 632 2839 esse
665 2775 962 2851 credebat,
1009 2782 1394 2857 notatumque
1422 2786 1581 2837 certo
1606 2776 1779 2855 signo
1802 2776 2014 2851 locum,
2066 2784 2137 2838 ut
2174 2779 2337 2839 fraus

146 2855 232 2918 37
255 2858 458 2920 evitari
482 2879 516 2921 a
541 2862 663 2923 suis
685 2872 910 2942 posset.
947 2824 1259 2925 'Asservari
1284 2863 1625 2941 transfuga
1607 2880 1771 2925 iusso
1797 2862 1980 2923 duces
2006 2871 2337 2939 convocat3

252 2945 662 3029 expositoque,
711 2950 871 3029 quod
897 2949 1241 3012 nunciatum
1274 2957 1415 3022 erat,
1466 2957 1687 3023 11101101,
1735 2957 1800 3009 ut
1821 2949 2132 3026 regionem
2158 2966 2337 3011 mon-

146 3027 232 3090 38
251 3038 492 3094 stratam
538 3034 833 3097 declinent
869 3036 1242 3116 equitemque
1278 3034 1606 3114 periculum
1656 3034 1961 3096 edoceant.
2054 3034 2335 3098 Ceterum

249 3118 586 3181 hortantem
614 3122 901 3185 exercitus
924 3122 1202 3185 exaudire
1230 3140 1351 3183 non
1376 3128 1625 3200 poterat,
1677 3138 1849 3181 usum
1874 3118 2108 3181 aurium
2144 3121 2337 3184 inter-

255 3204 510 3285 cipiente
545 3206 780 3269 fremitu
817 3209 1071 3270 duorum
1107 3208 1421 3285 agminum,
1470 3208 1579 3269 sed
1616 3206 1679 3267 in
1708 3214 2032 3285 conspectu
2061 3208 2337 3271 omnium

254 3291 438 3355 duces
464 3299 523 3353 et
545 3292 879 3371 proximum
905 3310 1200 3373 quemque
1223 3292 1647 3373 interequitans
1671 3292 2111 3390 alloquebatur:

197 3373 232 3435 1
381 3378 556 3458 Cap.
585 3378 732 3441 XIV.
781 3379 1056 3442 Emensis
1091 3388 1181 3442 tot
1219 3388 1409 3442 terras
1449 3378 1512 3439 in
1546 3396 1739 3458 spem
1734 3378 2049 3461 victoriae,
2100 3379 2187 3441 de
2222 3398 2339 3460 qua

257 3460 652 3529 dimicandum
683 3466 852 3540 sore-t,
899 3466 1014 3529 hoc
1038 3484 1221 3528 unum
1248 3482 1565 3544 superesse
1602 3449 1939 3527 discrimen.
2000 3463 2339 3527 Granicum

257 3544 356 3607 1110
387 3566 620 3615 amnem
658 3552 1008 3633 Ciliciaeque
1040 3560 1279 3617 montes
1320 3559 1381 3613 et
1412 3551 1637 3633 Syriam
1668 3552 2117 3631 Aegyptumque
2154 3570 2343 3633 prae-
