2417 3900
280 137 404 199 190
743 134 843 196 on
886 132 1147 195 Gns‘rls
1190 94 1620 194 ALEXANnm
1659 132 1905 195 meru

276 275 480 319 auram
504 253 715 315 maris:
751 273 824 315 ne
841 253 1169 315 inviderent
1189 252 1302 313 sibi
1325 253 1575 327 laudem,
1599 269 1772 330 quam
1795 243 2042 331 peteret.
2083 248 2351 313 Herculis

170 342 175 349 ’
278 352 335 405 et
352 340 550 404 Liberi
568 340 756 401 Patris
781 340 1063 401 terminos
1087 338 1438 400 transituros
1460 337 1608 409 illos,
1639 335 1770 417 regi
1793 356 1904 399 suo
1924 354 2104 416 parvo
2118 335 2352 417 impen-

276 429 373 491 dio
392 426 883 488 immortalitatem
904 427 1091 487 famae
1108 425 1370 532 daturos·
1414 424 1765 485 Paterentur
1781 440 1848 483 se
1868 440 1940 483 ex
1953 421 2122 485 India
2141 422 2354 496 redire,

274 534 399 577 non
426 516 487 575 lu
531 530 649 572 ere.

172 603 257 665 22
405 531 649 673 Οιιξιιιε
638 594 967 669 multitudo,
1003 602 1065 655 et
1088 594 1339 655 maxime
1363 592 1642 665 militarie,
1675 591 1879 654 mobili
1902 591 2128 673 impetu
2153 592 2355 654 fertur.

172 686 360 754 231ta
402 682 708 746 seditionis
747 700 868 741 non
902 678 1164 741 remedia
1200 698 1375 759 quam
1411 678 1704 759 principia.
1733 676 1952 741 maiora
1991 686 2150 739 sunt.
2222 678 2354 739 Non

274 771 419 831 alias
444 778 565 831 tam
590 769 782 829 alacer
804 766 1023 827 clamor
1046 765 1119 826 ab
1147 765 1405 827 exercitu
1431 773 1521 826 est
1553 763 1822 825 redditus
1853 761 2201 838 iubentium,
2245 764 2350 824 du-

276 864 434 917 ceret
459 854 570 916 diis
596 851 892 925 secundis,
921 859 1315 930 aequaretque
1346 850 1547 929 gloria,
1577 868 1725 928 quos
1753 850 2164 910 aemularetur.
2209 848 2352 909 Lae-

170 944 255 1004 24
274 948 371 1002 tus
408 939 502 1001 his
533 936 1054 1005 acclamationibus
1076 935 1151 996 ad
1184 936 1388 998 hostes
1422 934 1692 1015 protinus
1729 943 1920 995 castra
1945 942 2161 995 movet.
2205 934 2351 997 vali-

272 1025 557 1087 dissimae
578 1023 863 1085 Indorum
886 1030 1089 1100 gentes
1113 1030 1282 1083 erant
1309 1027 1366 1081 et
1387 1020 1642 1083 bellum
1625 1020 1874 1102 impigre
1897 1020 2215 1099 parabant3
2243 1020 2355 1081 du-

270 1128 521 1211 cemque
564 1126 638 1171 ex
670 1106 909 1169 natione
944 1107 1380 1187 Oxydracar'um
1423 1114 1718 1205 spectatae
1760 1106 1988 1167 virtutis
2033 1106 2354 1185 elegerant,

272 1198 373 1278 qui
395 1197 507 1260 sub
531 1194 829 1257 radicibus
846 1192 1063 1255 montis
1084 1203 1278 1255 castra
1301 1192 1516 1271 posuit,
1541 1191 1812 1271 lateque
1794 1210 1981 1270 ignes,
2005 1199 2071 1253 ut
2089 1190 2354 1271 speciem

270 1280 665 1345 multitudinis
684 1288 941 1377 augeret,
968 1279 1244 1351 ostendit,
1273 1280 1526 1339 clamore
1551 1294 1786 1358 quoque
1807 1295 1878 1339 ac
1897 1276 1988 1338 sui
2009 1275 2194 1339 moris
2216 1278 2353 1339 ulu-
2406 1336 2407 1339 ,

269 1368 393 1431 latu
418 1366 739 1430 identidem
763 1358 1201 1444 acquiescentes
1222 1362 1577 1433 Macedonas
1601 1364 1817 1425 frustra
1838 1370 2060 1426 terrere
2085 1371 2352 1425 conatus.

170 1454 397 1521 251am
418 1453 519 1515 lux
538 1452 869 1534 appetebat,
902 1469 1080 1549 quum
1116 1468 1220 1511 rex
1247 1449 1495 1511 fiduciae
1521 1468 1590 1510 ac
1615 1448 1744 1529 spei
1765 1448 1974 1537 plenus
1997 1450 2226 1511 alacres
2247 1450 2356 1509 mi·
2406 1462 2407 1513 J

268 1538 403 1601 lites
441 1556 603 1600 arma
643 1555 855 1617 capere
891 1543 953 1597 et
989 1537 1145 1597 exire
1182 1534 1243 1595 in
1273 1535 1454 1595 aciem
1491 1535 1670 1598 iubet.
1737 1516 1874 1607 Sed,
1893 1534 2054 1596 haud
2085 1534 2350 1609 traditan

270 1632 510 1686 metune
550 1641 626 1685 an
650 1623 859 1684 oborta
896 1621 1188 1683 seditione
1214 1621 1369 1682 inter
1389 1621 1571 1701 ipsos,
1579 1619 1771 1683 subito
1797 1616 2190 1699 profugerunt
2219 1621 2354 1683 bar-

268 1709 429 1785 bari3
472 1716 634 1769 certe
669 1708 832 1769 avios
870 1716 1103 1768 montes
1136 1713 1194 1767 et
1234 1706 1550 1785 impeditos
1593 1713 2056 1803 occupaverunt:
2099 1724 2354 1787 quorum

272 1810 487 1873 agmen
512 1811 616 1853 rex
640 1794 856 1853 frustra
879 1798 1274 1869 persequutus
1303 1791 1723 1871 impedimenta
1749 1790 1922 1871 cepit.

168 1896 253 1960 20
397 1878 749 1939 Perventum
789 1875 1004 1937 deinde
1043 1883 1135 1936 est
1164 1873 1241 1934 ad
1277 1877 1561 1974 oppidum
1603 1876 2058 1958 Oxydracarum,
2090 1870 2155 1935 in
2199 1874 2356 1956 quod

270 1962 536 2044 plerique
573 1963 974 2040 confugerant,
1018 1959 1174 2022 haud
1219 1962 1438 2022 maiore
1475 1963 1689 2025 fiducia
1726 1962 2023 2024 moenium
2054 1979 2234 2040 quam
2264 1979 2358 2022 ar-

170 2065 251 2128 27
271 2065 523 2112 morum.
584 2049 707 2110 Iam
738 2047 1084 2110 admovebat
1116 2064 1239 2120 rex,
1282 2065 1460 2126 quum
1487 2056 1648 2110 vates
1686 2067 1929 2110 monere
1965 2065 2100 2108 eum
2145 2046 2357 2128 coepit,

269 2153 347 2198 ne
375 2134 767 2198 committeret
800 2141 899 2194 aut
938 2141 1095 2194 certe
1127 2131 1387 2194 differret
1415 2119 1819 2196 obsidionem:
1851 2134 2004 2195 vitae
2035 2127 2167 2193 eius
2201 2132 2359 2212 peri-

168 2235 251 2299 23
270 2221 463 2284 culum
506 2220 757 2282 ostendi.
820 2219 948 2280 Rex
985 2217 1455 2318 Demophontem
1490 2217 1567 2300 (is
1596 2237 1848 2300 namque
1880 2227 2042 2280 vates
2069 2216 2229 2298 erat)
2267 2219 2358 2278 in-

184 2335 186 2342 ·
266 2313 459 2384 tuenS,
506 2307 569 2369 Si
596 2305 747 2385 quiS,
788 2304 997 2386 inquit,
1039 2313 1098 2366 te
1122 2302 1233 2365 arti
1261 2313 1394 2368 tuae
1425 2304 1716 2368 intentum
1741 2313 1800 2366 et
1825 2314 1954 2366 exta
1983 2310 2360 2402 spectantem

267 2392 354 2455 sie
376 2393 723 2476 interpellet,
766 2410 889 2456 non
921 2389 1203 2467 dubitem,
1252 2390 1392 2490 quin
1416 2391 1828 2454 incommodus
1853 2410 1922 2453 ac
1953 2389 2238 2452 molestus
2270 2389 2360 2451 vi-

166 2493 247 2554 29
269 2477 396 2542 deri
428 2481 537 2543 tibi
558 2481 762 2560 possit.
824 2479 899 2540 'Et
926 2497 1103 2560 quum
1134 2479 1230 2538 ille
1259 2479 1334 2540 ita
1361 2497 1605 2559 prorsus
1630 2479 1888 2541 futurum
1921 2474 2359 2556 respondisset,

271 2564 591 2640 censesne,
634 2564 842 2646 inquit,
885 2573 1077 2626 tantas
1112 2582 1209 2626 res
1273 2583 1395 2626 non
1428 2565 1718 2644 pecudum
1750 2564 1930 2626 fibras
1969 2571 2106 2623 ante
2149 2561 2359 2622 oculos

270 2636 511 2712 habenti
532 2651 715 2712 ullum
744 2668 876 2712 esse
899 2650 1089 2712 maius
1112 2649 1617 2729 impedimentum,
1645 2668 1818 2729 quam
1844 2656 2034 2709 vatem
2061 2647 2360 2727 supersti-

168 2741 251 2804 30
271 2734 432 2804 tione
459 2731 739 2815 captum?
782 2735 907 2796 Nec
930 2727 1168 2810 diutiuS,
1202 2754 1376 2815 quam
1399 2736 1722 2815 respondit,
1761 2743 2022 2802 moratus
2049 2731 2362 2794 admoveri

269 2820 434 2881 iubet
460 2822 663 2893 scalaS,
693 2820 1218 2918 cunctantibusque
1241 2821 1451 2884 ceteris
1480 2821 1712 2883 evadit
1695 2840 1755 2898 ιιι
1783 2839 2034 2882 ιιιιιιιιιιι.
2079 2819 2364 2897 Angusta

268 2906 422 2966 muri
461 2924 679 2967 corona
719 2915 873 2968 erat.
914 2925 1034 2967 non
1074 2907 1305 2986 pinnae,
1347 2908 1496 2968 sicut
1535 2907 1688 2978 alibi,
1729 2905 2020 2984 fastigium
2059 2903 2192 2966 eius
2236 2905 2362 2966 dis-

170 2997 249 3059 31
268 2989 580 3065 tinxerant,
625 2991 732 3052 sed
759 3001 1041 3073 perpetua
1066 2991 1248 3053 lorica
1273 2993 1523 3054 obducta
1550 2992 1858 3074 transitum
1883 2997 2180 3070 sepserat.
2243 2990 2358 3052 lta-
2406 3061 2407 3066 η

272 3097 385 3158 que
414 3097 519 3138 rex
542 3078 823 3138 haerebat
843 3074 1033 3157 magis
1057 3095 1231 3158 quam
1257 3079 1448 3140 stabat
1467 3078 1526 3138 in
1553 3077 1837 3156 margine,
1873 3076 2057 3156 clipeo
2079 3075 2357 3155 undique
2406 3067 2407 3082 ¹

268 3164 585 3225 incidentia
607 3165 719 3224 tela
741 3166 1123 3244 propulsans3
1147 3182 1282 3224 nam
1308 3164 1523 3243 ubique
1551 3165 1778 3226 eminus
1801 3181 1874 3224 ex
1897 3162 2162 3224 turribus
2186 3169 2356 3241 pete-

170 3252 249 3314 32
268 3249 459 3312 batur.
518 3250 640 3312 Nec
664 3249 861 3310 subire
885 3250 1095 3312 milites
1118 3257 1409 3328 poterant,
1443 3249 1575 3328 quia
1599 3268 1858 3330 superne
1877 3247 1934 3308 vi
1957 3246 2218 3309 telorum
2255 3247 2356 3309 ob-

271 3336 613 3401 ruebantur.
658 3335 921 3396 Tandem
948 3333 1408 3414 magnitudinem
1435 3337 1676 3416 periculi
1703 3334 1896 3415 pudor
1918 3333 2084 3397 vicit:
2131 3333 2358 3414 quippe

170 3419 253 3481 33
276 3422 612 3497 cernebant,
641 3421 1009 3484 cunctatione
1030 3439 1135 3482 sua
1158 3421 1294 3482 dedi
1313 3422 1581 3484 hostibus
1605 3439 1824 3500 regem.
1867 3419 1984 3482 Sed
2007 3418 2358 3480 festinando

276 3509 655 3570 morabantur
686 3507 915 3570 auxilia.
977 3507 1121 3568 Nam
1142 3508 1294 3586 filum
1335 3527 1443 3586 pro
1480 3527 1545 3568 se
1585 3509 1828 3588 quisque
1855 3512 2034 3568 certat
2073 3505 2360 3574 evadere,

281 3605 595 3655 r*ueravere
621 3596 837 3670 scalas3
876 3595 1006 3673 quis
1034 3613 1152 3656 non
1184 3593 1608 3655 sufficientibus
1633 3593 1887 3654 devoluti
1909 3591 2151 3654 unicam
2181 3606 2360 3670 spem
