2417 3900
184 165 304 228 182
646 164 744 225 DE
788 161 1051 223 GESTlS
1092 158 1525 220 ALEXANDRI
1567 158 1806 220 MAGNI

178 284 303 347 aliis
346 298 582 344 secures
621 290 801 353 erant,
848 277 1366 375 transiliebantque
1399 276 1461 337 in
1498 276 1760 337 vehicula
1799 286 2041 339 strenuo
2082 278 2256 355 saltu,

79 380 159 441 16
180 386 360 451 quum
386 384 733 430 succurrere
767 365 1161 426 laborantibus
1198 364 1321 424 suis
1349 363 1576 423 vellent.
1621 363 1704 423 Ac
1737 362 1926 441 primo
1954 364 2259 427 insolitum

179 474 365 535 genus
391 470 626 534 pugnae
654 452 1009 513 Macedonas
1047 448 1269 522 terruit,
1315 466 1492 528 quum
1522 448 1752 508 eminus
1778 451 2258 511 vulnerarentur.

176 541 392 603 deinde
424 548 625 619 spreto
660 547 776 599 tam
809 522 1113 597 incondito
1138 533 1350 599 auxilio
1385 533 1460 594 ab
1497 542 1748 614 utroque
1773 534 1952 596 latere
1979 535 2260 598 vehiculis

54 618 157 696 ’17
179 624 511 688 circumfusi
534 634 934 721 repugnantes
959 622 1165 684 fodere
1190 628 1533 699 coeperunt.
1575 620 1648 680 Et
1671 620 1914 694 vincula,
1959 625 2091 718 quis
2117 640 2264 683 con-

177 721 334 774 serta
362 720 547 783 erant,
591 710 763 771 iussit
784 708 980 782 incidi,
1026 725 1141 787 quo
1168 706 1394 767 facilius
1425 704 1652 783 singula
1679 706 2262 768 circumvenirentur.

79 797 377 876 181taque
406 816 511 857 vm
540 795 776 857 milibus
802 808 1047 855 suorum
1074 791 1308 853 amissis
1333 792 1395 853 in
1424 790 1704 871 oppidum
1730 793 2094 871 rel‘ugerunt.
2141 794 2264 853 Po-

177 894 338 943 stero
366 882 461 943 die
488 882 657 943 scalis
699 880 959 959 undique
984 878 1238 939 admotis
1265 874 1418 937 muri
1443 886 1822 955 occupantur.
1884 878 2096 940 Paucis
2123 897 2261 957 per-

176 968 386 1029 nicitas
410 966 582 1027 saluti
604 966 730 1040 fuit,
760 966 859 1045 qui
880 964 1121 1043 cognito
1142 961 1308 1025 urbis
1333 962 1556 1023 excidio
1583 962 1854 1060 paludem
1879 972 2262 1026 transnavere
2306 957 2314 966 “

178 1062 239 1115 et
258 1053 321 1114 in
344 1052 532 1113 vicina
556 1052 775 1133 oppida
800 1052 1096 1130 ingentem
1119 1050 1373 1111 intulere
1397 1057 1704 1122 terrorem,
1729 1048 2009 1110 invictum
2035 1052 2260 1111 exerci-

176 1150 323 1212 tum,
354 1147 411 1202 et
438 1140 683 1199 deorum
711 1138 995 1217 profecto,
1023 1134 1334 1197 advenisse
1361 1144 1776 1196 memorantes,

78 1226 159 1289 19
305 1225 635 1286 Alexander
660 1226 733 1285 ad
757 1223 1099 1284 vastandam
1130 1240 1259 1282 eam
1290 1220 1591 1299 regionem
1618 1220 1896 1282 Perdicca
1924 1238 2054 1280 cum
2083 1237 2254 1297 expe-

180 1310 298 1371 dita
323 1328 501 1372 manu
529 1310 707 1371 misso
732 1319 959 1389 partem
986 1308 1285 1390 copiarum
1309 1306 1553 1369 Eumeni
1577 1306 1832 1378 tradidit,
1859 1312 1925 1367 ut
1947 1304 1997 1365 is
2026 1323 2261 1384 quoque

176 1395 463 1477 barbaros
482 1396 561 1456 ad
588 1395 949 1457 deditionem
974 1394 1380 1475 compelleret.
1415 1393 1544 1472 ipse
1571 1400 1798 1453 ceteros
1826 1392 1900 1453 ad
1927 1390 2134 1451 urbem
2160 1410 2264 1451 va-

74 1480 160 1544 20
178 1481 376 1555 lidam,
408 1482 468 1542 in
498 1500 672 1559 quam
696 1481 935 1543 aliarum
965 1498 1203 1561 quoque
1231 1480 1616 1558 confugerant
1639 1478 1885 1551 incolae,
1911 1476 2091 1538 duxit.
2137 1476 2265 1556 Op-

176 1529 377 1648 pidani
405 1567 620 1639 missiS‚
651 1568 747 1646 qui
778 1585 978 1646 regem
1006 1567 1483 1645 deprecarentur,
1507 1562 1885 1625 nihilominus
1906 1562 2128 1624 bellum
2159 1581 2268 1642 pa-

178 1654 419 1714 rabant:
449 1653 666 1733 quippe
690 1662 816 1713 orta
840 1652 1088 1713 seditio
1073 1671 1133 1712 tn
1154 1652 1384 1712 diversa
1408 1649 1649 1713 consilia
1669 1648 1982 1711 diduxerat
1997 1649 2266 1727 vulgum:

178 1738 275 1798 alii
298 1738 494 1798 omnia
520 1738 817 1797 deditione
858 1738 1105 1817 potiora,
1148 1737 1384 1815 quidam
1414 1736 1632 1798 nullam
1662 1754 1838 1816 opem
1865 1734 1927 1794 in
1952 1733 2098 1814 ipsis
2129 1752 2266 1795 esse

74 1831 156 1892 21
181 1822 493 1883 ducebant.
558 1823 676 1883 Sed
702 1823 840 1882 dum
866 1821 1008 1882 nihil
1041 1823 1105 1883 in
1129 1840 1442 1883 commune
1473 1821 1810 1895 consulitur,
1853 1820 1953 1901 qui
1981 1819 2268 1881 deditioni

74 1914 159 1978 22
179 1907 581 1982 imminebant,
606 1907 824 1986 apertis
848 1906 1033 1987 portis
1059 1908 1289 1968 hostem
1324 1908 1635 1988 recipiunt.
1681 1906 2022 1980 Alexander,
2053 1924 2264 1986 quam-

179 2011 353 2073 quam
379 1992 518 2054 belli
552 1993 888 2054 auctoribus
923 1993 1051 2054 iure
1082 2003 1316 2073 poterat
1342 1993 1532 2068 irasci,
1568 2006 1765 2057 tamen
1794 1993 2068 2058 omnibus
2091 1993 2266 2054 venia

180 2080 315 2140 data
358 2090 416 2140 et
454 2079 764 2141 obsidibus
792 2079 1048 2158 acceptis
1086 2080 1159 2140 ad
1198 2079 1524 2159 proximam
1568 2080 1782 2141 deinde
1819 2079 2028 2140 urbem
2071 2089 2265 2140 castra

74 2169 160 2233 23
178 2165 379 2226 movit.
447 2161 698 2227 Obsides
738 2167 1103 2228 ducebantur
1136 2175 1271 2227 ante
1305 2185 1534 2244 agmen.
1604 2168 1767 2239 Quos
1803 2182 1980 2244 quum
2019 2183 2054 2224 e
2083 2166 2266 2226 muris

180 2251 575 2329 agnovissent,
618 2261 823 2331 utpote
852 2251 1043 2330 gentis
1080 2251 1363 2327 eiusdem,
1408 2252 1470 2312 in
1510 2249 1860 2330 colloquium
1902 2269 2266 2317 convocave-

175 2343 333 2399 runt.
376 2335 463 2399 Illi
489 2338 859 2398 clementiam
878 2337 1035 2416 regis
1058 2338 1348 2417 simulque
1374 2339 1488 2398 vim
1513 2338 2028 2398 commemorando
2057 2337 2135 2397 ad
2162 2337 2268 2397 de-

179 2423 465 2484 ditionem
500 2440 617 2504 eos·
641 2423 997 2503 compulere,
1040 2431 1385 2502 ceterasque
1410 2424 1589 2485 urbes
1616 2423 1787 2484 simili
1821 2423 1998 2484 modo
2029 2423 2261 2484 deditas

177 2507 238 2568 in
263 2508 440 2569 fidem
466 2508 710 2587 accepit.

74 2601 162 2662 24
306 2591 458 2653 Hinc
492 2593 553 2654 in
584 2610 829 2670 regnum
855 2591 1119 2670 Sophitis
1156 2600 1501 2671 perventum
1527 2600 1637 2655 est.
1705 2591 1882 2666 Gem,
1926 2600 1994 2653 ut
2023 2591 2271 2653 barbari

75 2686 159 2746 25
182 2677 449 2751 credunt,
498 2678 783 2757 sapientia
817 2678 1043 2738 excellit
1075 2677 1366 2756 bonisque
1397 2679 1660 2740 moribus
1697 2677 1941 2757 regitur.
2013 2677 2272 2739 Genitos

178 2761 396 2822 liberos
426 2781 547 2823 non
572 2772 883 2841 parentum
912 2763 1150 2824 arbitrio
1175 2764 1388 2824 tollunt
1412 2766 1707 2844 aluntque,
1745 2764 1850 2825 sed
1877 2781 2101 2836 eorum,
2135 2765 2268 2842 qui-

70 2917 75 2924 ·
177 2848 291 2907 hus
318 2849 625 2927 spectandi
648 2846 953 2909 infantium
978 2849 1244 2910 habitum
1269 2868 1408 2910 cura
1432 2851 1710 2912 mandata
1733 2860 1840 2913 est.
1903 2847 1964 2910 Si
1993 2867 2152 2929 quos
2173 2849 2276 2910 in-

178 2933 379 3010 signes
422 2941 523 2993 aut
554 2933 743 3012 aliqua
769 2944 936 3012 parte
961 2934 1359 2996 membrorum
1385 2934 1620 2998 inutiles
1647 2945 2018 3009 notaverunt,
2062 2936 2280 2996 necari

75 3019 159 3082 26
176 3017 400 3080 iubent.
465 3019 695 3098 Nuptiis
721 3025 934 3081 coeunt
959 3039 1080 3081 non
1116 3037 1334 3098 genere
1359 3039 1428 3083 ac
1449 3021 1752 3084 nobilitate
1790 3020 2106 3092 coniuncti,
2161 3023 2280 3082 sed

74 3104 159 3167 27
180 3105 363 3166 electa
388 3122 701 3184 corporum
727 3105 942 3184 specie,
965 3107 1101 3186 quia
1125 3108 1333 3167 eadem
1358 3109 1696 3176 aestimatur
1721 3107 1779 3167 in
1805 3106 2024 3168 liberis,
2067 3105 2280 3167 Huius

180 3191 367 3268 gentis
386 3190 690 3270 oppidum,
712 3191 803 3252 cui
821 3192 1150 3252 Alexander
1166 3193 1506 3256 admoverat
1523 3195 1744 3273 copiaS,
1763 3193 1836 3254 ab
1853 3193 1986 3292 ipso
2008 3192 2283 3272 Sophite

180 3276 573 3339 obtinebatur.
643 3277 886 3338 Clausae
914 3287 1080 3338 erant
1100 3285 1324 3355 portae,
1369 3280 1475 3352 sed
1502 3279 1684 3341 nulli
1668 3299 1729 3340 m
1753 3279 1938 3340 muris
1961 3279 2283 3345 turribus-
2396 3329 2397 3348 ,

182 3377 295 3444 que
317 3381 383 3424 se
406 3363 610 3425 armati
631 3361 1041 3433 ostendebant,
1068 3363 1530 3443 dubitabantque
1551 3365 1926 3439 MacedoneS,
1954 3365 2282 3426 deseruis-

78 3441 163 3504 28
176 3453 315 3506 sent
334 3448 540 3510 urbem
565 3449 793 3510 incolae
818 3464 891 3507 an
916 3448 1120 3508 fraude
1152 3467 1217 3510 se
1243 3450 1606 3512 occulerent:
1654 3469 1832 3530 quum
1865 3451 2065 3512 subito
2088 3461 2280 3529 pate·

182 3529 332 3590 facta
355 3539 525 3609 porta
553 3554 653 3595 rex
676 3534 857 3593 Indus
883 3551 1011 3593 cum
1040 3534 1271 3594 duobus
1298 3534 1510 3596 adultis
1537 3536 1668 3596 filiis
1697 3535 1968 3610 occurrit,
2003 3538 2280 3597 multum

220 3620 335 3674 er
355 3634 557 3679 omnes
580 3619 862 3681 barbaros
886 3617 1151 3678 eminens
1178 3621 1444 3698 corporis
1473 3622 1689 3700 specie.
1733 3621 1923 3682 Vestis
1949 3630 2073 3682 erat
2107 3641 2276 3683 auro

78 3605 159 3624 ΛΑ
