2417 3900
683 110 826 173 ue.
869 111 935 173 v.
985 110 1148 191 (ιιι.)
1193 111 1353 173 CAP,
1400 112 1445 172 1.
1489 108 1737 173 7-2s
1802 91 1809 95 ’
2148 111 2233 173 69

167 230 244 291 lio
281 230 526 291 celebris
560 241 617 292 et
653 240 886 293 ceteros
929 230 1006 290 ad
1054 228 1411 289 deditionem
1450 231 1541 291 sui
1575 230 1919 291 incitaturus
1967 232 2238 315 exemplo

172 316 491 379 videbatur.
587 316 773 395 Igitur
807 317 973 379 hunc
1019 314 1255 393 quidem
1296 315 1549 395 benigne
1587 334 1718 377 cum
1762 315 1963 377 liberis
2006 318 2240 401 excipit,
2263 317 2343 380 19

165 410 425 465 ceterum
465 404 754 481 quadrato
794 400 1047 479 agmine,
1081 401 1241 479 quod
1280 400 1411 479 ipse
1449 403 1719 476 ducebat,
1767 402 1923 463 velut
1956 402 2019 464 in
2054 406 2245 468 aciem

164 488 332 563 irent,
360 488 596 567 ingredi
617 506 764 555 suos
790 487 973 550 iubet.
1031 484 1243 565 Magna
1266 502 1405 565 pars
1428 488 1881 568 Babyloniorum
1904 490 2247 553 constiterat

162 574 226 635 in
271 574 481 647 muriS,
529 574 697 635 avida
749 572 1144 653 cognoscendi
1200 590 1421 643 novum
1470 590 1669 651 regem
1687 624 1703 650 ,
1754 576 1959 655 plures
2014 576 2246 638 obviam

165 658 396 739 egressi
423 668 582 721 sunt.
625 659 790 722 Inter
822 678 969 739 quos
995 659 1409 738 BagophaneS‚
1450 660 1602 720 arcis
1640 669 1699 721 et
1728 661 1925 739 regiae
1960 661 2250 741 pecuniae
2268 670 2351 732 20

176 754 400 820 custoS,
427 764 505 805 ne
529 746 722 807 studio
751 764 784 807 a
807 746 1046 809 Mazaeo
1071 745 1422 818 vinceretur,
1450 754 1639 807 totum
1664 746 1778 808 iter
1802 747 2047 809 floribus
2077 767 2253 810 coro-

167 826 384 910 nisque
422 840 832 907 constraverat,
859 831 1154 912 argenteis
1188 831 1472 893 altaribus
1496 840 1751 912 utroque
1783 834 1963 895 latere
1990 833 2251 917 disposi-

167 916 264 991 tis,
291 936 441 997 quae
469 936 590 979 non
615 920 788 983 thure
820 920 1023 994 modo,
1050 919 1156 981 sed
1191 918 1468 979 omnibus
1506 920 1791 980 odoribus
1827 922 2249 984 cumulaverat.
2322 938 2331 949 ·

163 1002 334 1064 Dona
379 1021 512 1065 eum
549 1006 972 1091 sequebantur,
1011 1024 1220 1085 greges
1256 1024 1540 1085 pecorum
1576 1025 2003 1087 equorumque,
2040 1010 2249 1069 leones
2269 1013 2354 1077 21

165 1107 404 1169 quoque
437 1100 496 1151 et
531 1092 808 1170 pardales
844 1092 1038 1153 caveis
1077 1092 1585 1170 praeferebantur.
1675 1094 1828 1171 Magi
1876 1094 2094 1153 deinde
2140 1112 2251 1154 suo
2270 1098 2355 1159 22

161 1194 330 1238 more
367 1176 626 1255 patrium
660 1196 901 1239 carmen
941 1187 1242 1251 canenteS‚
1276 1188 1415 1257 post
1454 1179 1569 1238 hos
1598 1178 1876 1237 Chaldaei
1897 1178 2253 1257 Babylonio-

161 1280 412 1342 rumque
441 1281 567 1323 non
590 1272 754 1324 vates
781 1264 984 1336 modo,
1009 1265 1117 1323 sed
1147 1263 1321 1323 etiam
1346 1264 1599 1324 artifices
1630 1280 1765 1332 cum
1791 1261 2007 1323 fidibus
2032 1262 2125 1323 sui
2153 1280 2254 1342 ge-

162 1347 322 1409 neris
356 1347 545 1409 ibant.
619 1348 856 1409 Laudes
894 1349 958 1407 hi
983 1366 1192 1425 regum
1228 1364 1443 1407 canere
1478 1346 1652 1420 soliti,
1682 1347 1957 1407 Chaldaei
1990 1347 2255 1410 siderum
2334 1367 2339 1375 ’

162 1442 361 1495 motus
401 1442 461 1493 et
501 1440 748 1493 statutas
785 1440 1125 1511 temporum
1160 1432 1317 1491 vices
1352 1425 1687 1493 ostenderess
1756 1432 1996 1511 Equites
2038 1433 2256 1496 deinde
2272 1438 2360 1501 23

161 1516 496 1599 Babylonii,
523 1528 650 1579 'suo
681 1536 1091 1597 equorumque
1131 1518 1289 1579 cultu
1330 1518 1403 1577 ad
1435 1516 1723 1577 luxuriam
1754 1519 1942 1595 magis
1975 1538 2151 1598 quam
2182 1520 2260 1581 ad

163 1603 670 1683 magnificentiam
692 1613 921 1678 exacto,
949 1604 1135 1669 ultimi
1160 1602 1341 1683 ibant,
1388 1604 1513 1663 Rex
1540 1604 1778 1672 armatis
1808 1604 2057 1685 stipatus
2083 1606 2261 1685 oppi-

167 1692 466 1753 danorum
489 1690 722 1752 turbam
747 1698 884 1771 post
909 1691 1146 1753 ultimos
1177 1688 1411 1772 pedites
1436 1689 1525 1750 ire
1548 1689 1734 1765 iussit,
1762 1691 1892 1771 ipse
1920 1710 2051 1753 cum
2081 1710 2261 1754 curru

167 1777 385 1838 urbem
435 1794 502 1837 ac
546 1776 760 1838 deinde
780 1777 1006 1857 regiam
1051 1775 1307 1839 intravit.
1395 1776 1643 1838 Postero
1693 1778 1789 1838 die
1834 1779 2260 1860 supellectilem

161 1862 346 1924 Darei
371 1870 430 1925 et
455 1880 691 1927 omnem
713 1864 1026 1945 pecuniam
1055 1862 1420 1943 recognovit.

313 1951 587 2032 Ceterum
629 1950 820 2043 ipsius
864 1952 1034 2014 urbis
1076 1951 1453 2033 pulchritudo
1507 1967 1578 2010 ac
1622 1959 1885 2012 vetustas
1932 1967 2057 2010 non
2099 1946 2261 2028 regis
2278 1955 2365 2018 24

159 2036 370 2110 modo,
395 2037 509 2100 sed
541 2037 717 2100 etiam
745 2039 1014 2100 omnium
1039 2039 1244 2101 oculos
1274 2038 1338 2098 in
1376 2045 1565 2098 semet
1598 2037 1758 2096 haud
1785 2036 2077 2096 immerito
2112 2053 2259 2095 con-

90 2121 98 2125 ’
158 2122 362 2184 vertit.
425 2123 766 2186 Semiramis
799 2143 928 2184 eam
960 2125 1325 2203 condiderat,
1360 2140 1504 2194 non,
1540 2130 1607 2181 ut
1637 2121 1905 2200 plerique
1933 2118 2259 2193 credidere,

158 2209 372 2280 BeluS,
397 2209 566 2268 cuius
587 2209 748 2286 regia
775 2209 1127 2270 ostenditur.
1166 2209 1373 2269 Murus
1394 2206 1720 2267 instructus
1745 2205 2023 2266 laterculo
2050 2201 2261 2278 coctili,
2281 2211 2365 2274 25

161 2292 472 2358 bitumine
507 2292 828 2364 interlitus,
870 2293 1124 2374 spatium
1150 2311 1269 2354 xxx
1305 2300 1363 2352 et
1407 2290 1657 2350 duorum
1694 2290 1918 2368 pedum
1958 2286 2265 2350 latitudine

161 2376 582 2459 amplectitur:
623 2379 941 2458 quadrigae
968 2379 1123 2439 inter
1149 2397 1216 2439 se
1242 2381 1625 2439 occurrentes
1652 2375 1781 2435 sine
1809 2369 2073 2454 periculo
2102 2391 2265 2435 com-

163 2482 382 2530 meare
407 2464 706 2528 dicuntur.
747 2464 1008 2526 Altitudo
1035 2464 1190 2526 muri
1216 2485 1252 2526 L
1284 2461 1613 2524 cubitorum
1642 2461 1859 2522 eminet
1888 2461 2109 2540 spatio:
2136 2469 2265 2523 tur-
2282 2467 2368 2531 26

165 2571 278 2615 res
304 2550 475 2628 denis
496 2551 752 2632 pedibus
776 2547 953 2631 quam
979 2569 1184 2612 murus
1213 2551 1452 2612 altiores
1476 2555 1634 2609 sunt.
1661 2547 1885 2609 'Totius
1916 2549 2113 2628 operis
2136 2567 2264 2611 am-

165 2639 340 2709 bitus
369 2655 596 2700 cchxv
625 2637 811 2700 stadia
847 2637 1287 2718 complectitur3
1344 2635 1705 2714 singulorum
1742 2634 2068 2697 stadiorum
2105 2646 2265 2698 stru-

174 2735 411 2788 cturam
437 2725 685 2802 singulis
717 2724 926 2786 diebus
949 2725 1272 2805 perfectam
1300 2741 1435 2784 esse
1474 2721 1791 2782 memoriae
1816 2721 2121 2808 proditum
2154 2731 2265 2784 est.

175 2809 466 2872 Aedificia
489 2829 615 2872 non
643 2819 784 2874 sunt
808 2811 1044 2874 admota
1067 2811 1277 2884 ‘muris
1311 2810 1419 2872 sed
1445 2809 1570 2868 fere
1598 2809 1851 2888 spatium
1877 2809 2064 2888 iugeri
2088 2809 2263 2872 unius

179 2897 425 2960 absunt.
509 2897 596 2961 Ac
619 2915 696 2960 ne
720 2906 906 2960 totam
932 2898 1169 2978 quidem
1197 2896 1406 2958 urbem
1436 2895 1602 2956 tectis
1642 2904 2107 2975 occupaverunt:
2153 2912 2267 2977 per
2284 2907 2369 2972 27

180 3001 343 3044 Lxxx
366 2981 555 3044 stadia
577 2983 896 3059 habitatur,
919 3002 1036 3046 nec
1065 2984 1265 3045 omnia
1292 2983 1565 3044 continua
1591 2990 1746 3056 sunt,
1778 2982 1974 3056 credo,
2004 2982 2138 3062 quia
2168 2991 2265 3043 tu-

144 3140 158 3150 ‚
181 3069 307 3131 tius
329 3067 527 3132 visum·
555 3079 648 3133 est
667 3070 939 3151 pluribus
965 3070 1116 3132 locis
1146 3069 1365 3150 spargi.
1418 3118 1423 3121 »
1456 3069 1667 3129 Cetera
1694 3077 1902 3130 serunt·
1930 3071 2267 3145 coluntque,

182 3164 276 3229 ut,
303 3155 355 3216 si
383 3164 623 3218 externa
647 3156 736 3218 vis
761 3158 1014 3236 ingruat,
1035 3155 1306 3218 obsessis
1331 3153 1606 3216 alimenta
1635 3173 1703 3215 ex
1729 3153 1919 3234 ipsius
1941 3154 2107 3217 urbis
2137 3151 2267 3210 solo

187 3241 748 3307 subministrentur.
823 3239 1152 3323 Euphrates
1177 3242 1463 3304 interfluit
1493 3259 1857 3320 magnaeque
1880 3238 2052 3302 molis
2077 3233 2267 3312 crepi-
2288 3245 2372 3310 28

191 3327 435 3390 dinibus
463 3333 804 3391 coercetur.-
827 3329 948 3390 Sed
976 3329 1237 3390 omnium
1262 3345 1511 3408 operum
1533 3327 1993 3406 magnitudinem
2020 3319 2270 3415 circum-

189 3413 442 3477 veniunt
485 3431 768 3476 cavernae
797 3416 1088 3493 ingentes,
1113 3416 1176 3476 in
1203 3413 1570 3476 altitudinem
1605 3427 1842 3490 pressae
1876 3406 1950 3464 ad
1976 3419 2270 3497 accipien-

193 3499 342 3564 dum
367 3499 656 3582 impetum
679 3500 956 3572 flamiam,
983 3501 1141 3578 quod
1169 3501 1272 3561 uhi
1302 3497 1607 3577 appositae
1635 3489 1949 3570 crepidinis
1975 3487 2271 3579 fasuglum

193 3585 471 3662 excessit,
503 3586 670 3649 urbis
695 3593 846 3650 tecta
867 3586 1214 3666 corriperet,
1240 3583 1357 3644 nisi
1382 3589 1587 3644 essent
1610 3591 1824 3656 specus
1848 3570 2147 3645 lacusque,
2174 3583 2275 3642 (ΙΨ
