2417 3900
513 90 670 187 un.
695 125 800 187 111.
843 124 946 206 (1.)
1013 123 1175 190 CAP.
1218 127 1318 188 X1.
1388 124 1637 189 1--10.
2065 124 2143 188 19

120 243 322 322 equites
347 241 620 304 ferociter
639 241 704 304 in
725 243 958 304 laevum
985 261 1172 305 cornu
1191 244 1455 308 hostium
1476 244 1691 307 invecti
1716 252 1872 306 sunt.
1916 245 2149 326 Quippe

120 330 320 390 Dareus
354 327 614 408 equestri
645 327 873 408 proelio
908 329 1225 390 decernere
1256 331 1523 410 optabat,
1566 331 1917 410 phalangem
1953 331 2149 394 Mace-

121 413 294 476 donici
313 412 600 474 exercitus
624 413 811 475 robur
833 431 967 473 esse
991 413 1345 478 coniectans.
1398 417 1635 495 Iamque
1674 414 1852 476 etiam
1875 415 2149 479 dextrum

117 499 404 562 Alexandri
439 517 628 560 cornu
672 498 1107 559 circumibatur.
1173 501 1347 571 Quod
1388 501 1487 561 ubi
1530 502 1775 563 Macedo
1824 502 2147 579 conspexit,
2165 505 2206 566 2

118 585 326 646 duabus
354 583 458 644 alis
487 583 751 661 equitum
777 584 852 643 ad
869 583 1069 662 iugum
1092 585 1313 646 montis
1334 586 1511 647 iussis
1534 586 1874 658 subsistere,
1923 595 2151 648 ceteros

114 671 170 732 in
194 669 440 730 medium
467 667 608 731 belli
629 669 944 730 discrimen
969 679 1215 732 strenue
1236 673 1534 732 transfert.
1598 671 1911 733 Subductis
1940 671 2211 733 deinde3

116 775 183 816 ex
204 753 318 814 acie
343 753 640 814 Thessalis
660 753 950 833 equitibus
975 757 1342 834 praesectum
1370 773 1575 817 eorum
1600 757 1827 817 occulte
1848 757 2155 819 circumire

116 850 326 918 tergum
368 858 608 902 suorum
638 839 805 901 iubet
827 841 1325 922 Parmenionique
1366 841 1641 922 coniungi
1676 851 1752 918 et,
1782 842 1942 921 quod
1964 843 2017 904 is
2040 843 2155 904 im·-

114 932 383 1006 perasset‚
428 923 678 1004 impigre
710 926 974 1005 exsequi.
1037 927 1278 1008 Iamque
1304 928 1420 1007 ipsi
1456 928 1517 990 in
1550 928 1811 991 medium
1834 929 2153 990 Persarum
2172 927 2213 987 4

113 1009 360 1089 undique
391 1010 730 1074 circumfusi
753 1012 996 1091 egregie
1018 1031 1084 1073 se
1108 1013 1446 1088 tuebantur,
1491 1014 1598 1076 sed
1630 1015 1877 1076 conferti
1900 1023 1957 1074 et
1984 1014 2158 1092 quasi

115 1097 482 1157 cohaerentes
526 1097 642 1157 tela
697 1096 928 1171 vibrare
975 1116 1096 1159 non
1141 1108 1442 1178 poterant:
1499 1100 1673 1160 simul
1715 1108 1881 1162 erant
1922 1099 2157 1170 emissa,

110 1183 166 1243 in
204 1182 441 1242 eosdem
483 1181 894 1244 concurrentia
940 1182 1417 1282 implicabantur,
1475 1185 1707 1263 levique
1749 1192 1811 1243 et
1844 1200 1999 1243 vano
2038 1182 2159 1243 ictu

111 1286 289 1348 pauca
331 1267 392 1326 111
439 1267 700 1342 hostem,
743 1268 916 1348 plura
957 1267 1020 1328 in
1054 1269 1299 1332 humum
1346 1270 1587 1331 innoxia
1637 1267 1947 1328 cadebant.
2002 1266 2159 1344 Ergo

111 1353 369 1412 cominus
410 1361 674 1440 pugnam
700 1351 888 1412 coacti
926 1369 1241 1414 conserere
1287 1353 1511 1431 gladios
1554 1352 1805 1430 impigre
1847 1351 2159 1430 stringunt.

110 1437 258 1496 Tum
291 1453 429 1494 vero
457 1429 709 1497 multum
727 1433 1048 1513 sanguinis
1083 1439 1283 1497 fusum
1315 1446 1424 1498 est.
1466 1437 1629 1496 Duae
1665 1436 1881 1532 quippe
1904 1437 2057 1498 acies
2082 1438 2219 1500 1135

113 1519 520 1592 cohaerebant,
564 1525 631 1579 ut
665 1518 842 1580 armis
875 1535 1038 1580 arma
1069 1520 1390 1600 pulsarent,
1434 1538 1749 1584 mucrones
1783 1521 1847 1581 in
1883 1539 1983 1582 ora
2022 1521 2165 1582 diri-

113 1613 332 1685 gerent.
412 1603 544 1664 Non
583 1602 996 1684 111111ᾱο,11011
1035 1604 1250 1684 ignavo
1296 1623 1527 1671 cessare
1565 1615 1687 1668 tum
1726 1605 1918 1668 licuit.
1958 1607 2163 1668 collato

106 1691 292 1772 pede,
339 1688 507 1767 quasi
554 1689 770 1768 singuli
810 1689 967 1752 inter
1017 1709 1084 1754 se
1129 1690 1507 1765 dimicarent,
1551 1692 1613 1753 in
1663 1692 1871 1754 eodem
1918 1691 2165 1772 vestigio

106 1776 355 1847 stabant,
381 1775 575 1837 donec
598 1774 888 1838 vincendo
908 1777 1104 1839 locum
1127 1777 1241 1838 sibi
1261 1775 1540 1844 facerent.
1588 1779 1737 1841 Tum
1762 1778 1999 1840 demum
2020 1795 2163 1857 ergo
2180 1775 2223 1836 6

103 1860 530 1944 promovebant
566 1855 834 1940 gradum,
879 1880 1060 1940 quum
1097 1863 1333 1924 hostem
1382 1871 1841 1944 prostraverant.
1905 1866 1982 1926 At
2029 1864 2165 1926 illos

101 1966 290 2009 novus
318 1945 644 2027 excipiebat
671 1947 1072 2010 adversarius
1083 1950 1383 2030 fatigatos3
1427 1970 1540 2013 nec
1574 1949 1882 2022 vulnerati,
1926 1958 1993 2012 ut
2024 1950 2165 2011 alias

51 2051 56 2055 ·
99 2035 312 2107 solent,
358 2033 483 2093 acie
517 2041 792 2112 poterant
825 2036 1128 2109 excedere,
1176 2053 1361 2115 quum
1402 2036 1593 2145 hostis
1613 2036 1861 2097 instaret
1884 2053 1921 2095 a
1950 2038 2165 2135 fronte,

98 2138 131 2181 a
159 2128 331 2196 tergo
362 2118 456 2178 sui
476 2126 775 2195 urgerent.

229 2204 562 2263 Alexander
592 2221 715 2263 non
743 2203 910 2263 ducis
937 2171 1124 2282 magis
1158 2221 1333 2281 quam
1359 2153 1553 2263 militis
1578 2202 1777 2273 munia
1806 2196 2165 2278 exsequeba-
2182 2174 2224 2255 7

97 2299 219 2361 tur,
257 2287 520 2366 opimum
559 2286 740 2347 decus
775 2304 946 2347 caeso
974 2306 1116 2365 rege
1143 2294 1446 2365 expetens.
1492 2285 1725 2363 Quippe
1746 2286 1967 2347 Dareus
1992 2302 2171 2347 curru

99 2371 377 2433 sublimis
413 2369 724 2443 eminebat,
761 2378 819 2431 et
845 2371 968 2431 suis
995 2372 1068 2445 ad
1091 2389 1155 2432 se
1177 2370 1463 2430 tuendum
1492 2378 1550 2429 et
1577 2368 1849 2439 hostibus
1874 2367 1992 2431 ad
1974 2387 2169 2431 111008-

100 2458 362 2519 sendum
387 2450 600 2533 ingens
621 2450 1082 2517 incitamentum.
1123 2454 1281 2532 Ergo
1307 2450 1486 2515 frater
1512 2453 1639 2515 eius
1656 2452 1961 2529 Oxathres,
1987 2473 2167 2535 quum
2184 2446 2227 2511 8

100 2542 508 2606 Alexandrum
532 2541 757 2603 instare
783 2540 834 2602 ei
862 2549 1146 2615 cerneret,
1189 2540 1433 2620 equiteS,
1474 2539 1683 2619 quibus
1712 2547 1997 2619 praeerat,
2030 2552 2167 2607 ante

97 2630 302 2708 ipsum
335 2646 579 2711 currum
614 2626 772 2705 regis
809 2625 1046 2701 obiecit,
1087 2626 1265 2687 armis
1302 2634 1359 2687 et
1383 2624 1599 2689 robore
1626 2626 1890 2705 corporis
1920 2626 2169 2692 multum

101 2734 291 2793 super
327 2721 558 2774 ceteros
597 2714 894 2786 eminenS,
939 2712 1132 2773 animo
1170 2730 1312 2772 vero
1347 2711 1653 2794 etlpietate
1685 2711 1745 2775 in
1781 2712 2169 2791 paucissimis-

97 2800 206 2861 1110
246 2800 453 2878 utique
487 2798 711 2878 proelio
747 2798 936 2859 clarus
975 2797 1120 2859 alios
1153 2796 1481 2877 improvide
1514 2798 1803 2859 instantes
1836 2799 2166 2877 prostravit,
2300 2864 2308 2875 ,

96 2886 254 2945 alios
279 2884 343 2945 in
365 2886 562 2963 sugam
586 2884 811 2946 avertit.
846 2884 922 2945 At
937 2882 1311 2957 Macedcnes,
1334 2891 1400 2944 ut
1425 2882 1577 2943 circa
1596 2900 1798 2961 regem
1824 2893 2009 2960 erant,
2036 2904 2169 2949 mu·
2185 2881 2225 2943 9

94 2981 206 3031 tua
231 2970 645 3032 adhortatione
669 2969 880 3032 firmati
904 2988 1034 3031 cum
1059 2969 1190 3049 ipso
1211 2968 1276 3029 in
1304 2968 1561 3047 equitum
1584 2981 1795 3047 agmen
1815 2968 2169 3052 irrumpunt.

95 3055 266 3116 Tum
289 3074 430 3116 vero
456 3056 658 3117 similis
687 3054 892 3117 ruinae
919 3062 1146 3134 strages
1173 3061 1319 3115 erat.
1378 3054 1541 3116 Circa
1567 3072 1801 3116 currum
1823 3055 1994 3118 Darei
2012 3057 2171 3119 iace·

91 3142 254 3203 bant
281 3141 628 3205 nobilissimi
653 3142 834 3203 duces
860 3147 996 3202 ante
1021 3142 1223 3203 oculos
1246 3140 1403 3218 regis
1426 3139 1659 3218 egregia
1679 3150 1869 3203 morte
1890 3140 2215 3211 defuncti,
2216 3214 2221 3217 Ι
2246 3204 2249 3207 ,

93 3243 321 3288 omnes
344 3226 406 3288 in
430 3247 532 3288 ora
560 3228 734 3307 proni
759 3226 908 3289 sicut
926 3226 1271 3288 dimicantes
1289 3224 1743 3305 procubuerant,
1768 3226 2017 3290 adverso
2038 3241 2169 3285 cor-

89 3332 258 3393 pore
291 3313 636 3374 vulneribus
675 3312 949 3392 acceptis,
993 3311 1153 3374 Inter
1185 3313 1303 3374 hos
1328 3310 1557 3389 Atizyes
1586 3318 1647 3371 et
1667 3312 2081 3374 Rheomithres
2110 3313 2169 3367 et
2189 3304 2271 3368 lo

89 3400 375 3471 Sataces,
400 3406 642 3477 praetor
661 3398 924 3477 Aegypti,
950 3415 1300 3476 magnorum
1326 3394 1683 3458 exercituum
1703 3393 2000 3476 praefecti,
2024 3408 2169 3452 nos·
2248 3396 2285 3463 ὅ

91 3485 471 3547 citabantur.
509 3482 660 3544 circa
685 3502 788 3543 eos
813 3484 1100 3543 cumulata
1126 3491 1249 3545 erat
1270 3480 1533 3562 peditum
1556 3480 1933 3563 equitumque
1954 3474 2172 3537 obscu-

87 3571 233 3635 rior
273 3570 472 3631 turba.
532 3568 921 3633 Macedonum
949 3584 1180 3647 quoque
1203 3586 1327 3631 non
1348 3565 1585 3647 quidem
1604 3562 1802 3635 multi,
1785 3562 2174 3705 ’nied‘pmm-
