2417 3900
477 106 645 223 tm.
684 157 810 221 vn.
855 158 979 239 (v.)
1022 160 1181 221 cAr.
1225 160 1320 221 Ν.
1365 158 1616 221 7-32,
1991 158 2114 221 129

66 273 509 348 potens-mentis.
554 275 815 337 Gobares
844 278 1001 337 inter
1025 278 1334 342 tumultum
1349 278 1593 357 elapsus
1620 279 1694 339 ad
1720 280 2116 341 Alexandnnn

65 358 362 436 transfugit.
432 360 579 431 Octo
618 360 781 421 milia
822 358 1264 425 Bactrianorum
1317 364 1570 424 habebat
1613 373 1831 425 armata
1875 365 2113 439 Bessus,
2133 371 2224 431 20

64 458 213 518 quae,
248 446 527 521 quamdiu·
558 452 810 525 propter
833 446 983 508 coeli
1014 446 1422 529 intemperiem
1451 448 1674 509 Indiam
1698 450 1894 529 potius
1921 451 2115 509 Maee-

60 526 231 588 donas
249 530 533 607 petituros
554 532 944 607 crediderant,
968 530 1318 599 obedienter
1329 532 1611 611 imperata
1633 536 1920 606 secernam
1951 538 2220 613 post-21

56 628 217 689 quam
254 614 571 676 adventare
596 617 991 679 Alexandrum
1026 630 1401 698 compertum
1443 626 1550 691 est,
1591 620 1666 703 in-
1689 640 1833 680 suos
1872 620 2122 697 quisque

52 696 203 757 vicos
236 697 445 779 dilapsi
467 701 715 764 Bessum
740 702 1120 783 reliquerunt.
1177 705 1284 765 Ille
1311 720 1445 765 cum
1475 704 1766 763 clientium
1796 722 1992 776 manu,
2021 703 2124 781 qui

50 798 168 841 non
196 791 555 849 mutaverant
574 788 773 862 fidem,
812 789 939 849 Oxo
968 806 1159 849 amner
1180 800 1464 869 superato
1491 790 1829 867 exustisque
1855 788 2120 866 navigiis,

46 866 257 943 quibus
276 870 597 945 transierat,
624 890 701 933 ne
715 872 925 935 iisdem
942 874 1132 938 bostis-
1149 882 1430 949 uteretur,
1454 892 1640 936 novas
1667 876 1866 954 copias
1884 875 1944 935 in
1967 876 2118 953 Sog-

46 951 231 1011 dianis
288 958 685 1020 contrahebat.
756 960 1093 1029 Alexander
1136 961 1459 1022 Caucasum
1509 961 1744 1041 quidem
1765 1008 1780 1033 ,
1829 968 1895 1021 ut
1935 978 2115 1041 supra
2132 966 2222 1028 22

45 1035 255 1099 dictum
278 1051 383 1115 est,
404 1044 733 1118 transierat,
762 1047 869 1107 sed
890 1046 1091 1125 inopia
1116 1048 1396 1109 frum-enti
1420 1063 1608 1127 prope
1631 1046 1707 1107 ad
1735 1048 1948 1107 famem
1971 1064 2117 1105 ven·-

46 1130 159 1181 tum
180 1133 318 1187 erat.
364 1128 553 1191 Sucoo
575 1148 649 1191 ex
666 1148 899 1192 sesama
918 1148 1203 1209 expresso
1223 1132 1380 1193 haud
1401 1152 1579 1192 secus
1597 1148 1776 1209 quam
1797 1130 1928 1191 oleo
1948 1140 2118 1190 artus
2134 1142 2228 1204 23
2249 1190 2264 1211 ι

46 1211 455 1287 pertingebant.
502 1215 623 1285 Sed
646 1216 823 1277 huius
842 1215 1003 1277 succi
1021 1216 1268 1277 ducenis
1293 1214 1686 1297 quadragenis
1711 1215 1970 1274 denariis
1993 1232 2122 1275 am·-
2246 1216 2261 1227 “

46 1293 255 1369 pharae
280 1297 560 1376 singulae,
588 1300 781 1361 melli-s
801 1300 1059 1361 denariis
1078 1300 1332 1361 trecenis
1357 1300 1701 1377 nonagenis,
1726 1298 1984 1359 trecenis
2001 1298 2124 1359 vini
2229 1322 2232 1327 ·

46 1379 523 1459 aestimabantur3
551 1384 729 1444 tritici
758 1384 903 1445 nibil
924 1392 1027 1444 aut
1046 1384 1369 1445 admodum
1398 1384 1672 1459 exiguum
1699 1383 2123 1461 reperiebatur.

45 1462 199 1525 Siros
238 1468 533 1529 vocabant
570 1468 823 1542 barbari,
870 1488 1020 1547 qnos
1052 1469 1133 1529 ita
1164 1469 1412 1531 solerter
1445 1468 1841 1541 abscondunt,
1879 1476 1964 1541 ut,
2005 1468 2122 1529 nin
2137 1480 2230 1541 24

44 1548 132 1625 qui
172 1550 547 1625 defoderunt,
588 1552 855 1615 invenire
892 1572 1015 1616 non
1056 1553 1310 1633 possint.
1376 1554 1440 1615 ln
1482 1554 1575 1614 his
1615 1552 1886 1623 conditae
1923 1555 2126 1631 fruges

44 1643 219 1696 erant.
264 1637 336 1697 In
368 1654 617 1715 quarum
644 1638 891 1717 penuria
920 1638 1421 1719 militesfluvjatili
1449 1640 1612 1721 pisce
1637 1646 1696 1699 et
1717 1638 1918 1699 herbis
1941 1638 2126 1701 susti-

44 1719 351 1781 nebantur.
394 1722 637 1803 Iamque
654 1724 801 1785 haec
814 1724 945 1804 ipsa
972 1724 1246 1786 alimenta
1265 1726 1616 1797 defecerant,
1639 1741 1824 1805 quun
1841 1724 2119 1800 iumenta,
2137 1732 2232 1795 25

44 1804 255 1880 quibus
285 1825 465 1867 onera
490 1808 823 1887 portabant,-
850 1811 1093 1874 eaedere
1114 1810 1265 1872 iussi
1291 1821 1458 1875 sunt:
1499 1813 1717 1874 borum
1743 1809 1939 1885 carne,
1977 1811 2124 1873 dum

44 1884 94 1951 in
116 1889 464 1954 Bactrianos
491 1904 859 1974 perventum,
882 1904 1115 1961 traxere
1140 1896 1334 1959 vitam.
2255 1975 2262 1986 ⁶

155 1975 506 2042 Bactrianae
532 1989 723 2044 terrae
748 1983 1051 2062 multiplex
1082 1991 1145 2044 et
1171 1983 1328 2044 varia
1353 1993 1559 2045 natura
1587 1991 1696 2042 est.
1761 1981 1911 2045 Alibi
1935 1982 2122 2044 multa
2137 1991 2232 2054 26

44 2061 209 2122 arbor
232 2072 295 2124 et
319 2064 451 2126 vitis
484 2067 679 2144 largos
713 2068 1005 2147 mitesque
1020 2071 1254 2130 fructus
1280 2071 1407 2130 alit:
1457 2069 1652 2129 solum
1679 2066 1901 2144 pingue
1927 2067 2124 2128 crebri

44 2144 223 2208 fontes
249 2150 473 2228 rigant3
520 2170 669 2230 quae
696 2153 927 2213 mitiora
950 2161 1105 2225 sunt,
1150 2153 1446 2213 frumento
1475 2161 1887 2224 conseruntur,
1927 2159 2126 2211 cetera

44 2242 436 2297 armentorum
464 2236 679 2314 pabulo
720 2238 954 2298 cedunt.
1023 2237 1297 2312 Magnam.
1335 2236 1553 2296 deinde
1585 2242 1822 2312 partem
1859 2234 2234 2302 eiusdemm

44 2323 218 2380 terrae
246 2319 483 2381 steriles
506 2337 720 2382 arenae
742 2328 970 2382 tenent:
1012 2321 1280 2399 squalida
1308 2321 1568 2380 siccitate
1595 2317 1760 2394 regio
1780 2337 1906 2378 non
1931 2317 2130 2378 homi-

44 2417 181 2478 uem,
220 2425 349 2468 non
394 2405 621 2482 frugem
646 2404 775 2466 alit:
818 2423 996 2486 quum
1024 2425 1165 2466 vero
1190 2405 1349 2466 venti
1377 2424 1410 2466 a
1433 2403 1676 2466 Pontico
1705 2403 1852 2486 mari
1881 2402 2128 2482 spirant,

44 2487 317 2570 quidquid
344 2490 539 2552 sabuli
559 2490 621 2552 in
646 2491 869 2570 campis
889 2491 1055 2562 iacet,
1093 2497 1466 2554 converrunt.
1530 2489 1704 2562 Quod
1733 2489 1842 2550 ubi·
1863 2489 2128 2552 cumula·-

44 2578 149 2634 tum
173 2585 283 2652 est,
310 2593 671 2654 magnorum
689 2577 923 2641 collium
946 2579 1151 2656 procul
1175 2577 1404 2656 species
1425 2583 1534 2649 est,
1559 2574 1872 2654 omniaque
1890 2575 2126 2656 pristini

44 2657 258 2723 itineris
276 2661 525 2742 vestigia
539 2661 857 2726 intereunt.
890 2662 1097 2741 Itaque
1119 2664 1218 2741 qui
1233 2671 1540 2727 transeunt
1559 2679 1822 2740 campos,
1839 2661 2123 2742 navigan-
2139 2671 2228 2735 28

44 2743 185 2806 tium‘
200 2749 389 2810 modo
413 2757 593 2810 noctu
622 2747 821 2810 sidera
847 2749 1179 2822 observant,
1226 2749 1298 2810 ad
1333 2763 1582 2828 quorum
1613 2765 1850 2811 cursum
1883 2748 1998 2810 iter
2029 2750 2154 2812 di-·

44 2829 245 2908 rigant,
276 2842 339 2896 et
356 2835 795 2915 propemodum
816 2834 1027 2910 clarior
1052 2843 1145 2896 est
1168 2834 1358 2898 noctis
1377 2834 1582 2899 umbra
1603 2849 1784 2912 quam
1797 2835 1920 2898 lux..-
1963 2836 2121 2917 Ergo
2139 2843 2226 2906 29

44 2913 289 2980 interdiu
317 2919 477 2980 invia
506 2928 597 2980 est
618 2921 801 3000 regio,
832 2921 966 3001 quia
990 2938 1103 2981 nec
1126 2919 1451 2997 vestigium,
1479 2920 1636 2999 quod
1663 2929 2000 2999 sequantur,
2028 2924 2124 2986 in·-

44 3004 296 3080 veniunt,
328 3012 392 3064 et
416 3004 574 3067 nitor
596 3007 857 3069 siderum
882 3005 1127 3085 caligine
1152 3005 1552 3069 absconditur.
1595 3007 1866 3071 Ceterum
1891 3008 2122 3088 siquos

44 3084 128 3146 ille
159 3098 395 3163 mutue,
426 3090 525 3170 qui
549 3110 582 3152 a
607 3092 751 3155 mari
781 3094 1061 3164 exoritur,
1090 3090 1496 3170 deprehendit,
1521 3107 1698 3154 arena
1718 3094 1936 3159 obi-uit.
2001 3093 2124 3156 Sed
2139 3094 2228 3158 3⁰

44 3189 148 3250 qua
183 3175 390 3237 mitior
422 3184 579 3238 terra
622 3187 727 3252 est,
768 3179 983 3257 ingens
1021 3177 1328 3240 hominum
1367 3195 1764 3258 equorumque
1808 3177 2154 3245 multitudo·

44 3259 317 3336 gignitur.
386 3259 591 3340 Itaque
614 3263 905 3326 Bactriani
932 3264 1157 3344 equites
1195 3284 1312 3326 xxx
1341 3265 1497 3326 milia
1524 3266 1915 3344 expleverant.
1971 3262 2225 3340 'lpsassl

44 3342 263 3416 Bactra,
306 3345 571 3424 regionis
608 3349 731 3412 eius
766 3358 957 3429 caput,
1002 3350 1111 3412 sita
1156 3359 1297 3414 sunt
1329 3350 1442 3412 sub
1479 3360 1686 3418 monte
1720 3353 2122 3429 Parapamiso.

44 3429 289 3493 Bactrus
316 3430 509 3492 amnis
530 3434 814 3514 praeterit
834 3436 1089 3501 moenia.
1126 3437 1189 3498 ls
1206 3434 1345 3506 urbi
1363 3433 1433 3498 et'
1443 3437 1676 3516 regioni
1693 3436 1860 3498 dedit
1882 3449 2123 3497 nomen.

159 3517 279 3580 ch
307 3517 437 3597 regi
476 3521 682 3584 stativa
716 3521 957 3586 habenti
988 3523 1302 3586 nunciatur
1339 3541 1412 3584 ex
1441 3522 1683 3592 Graecia
1703 3517 2232 3600 Peloponnen-32

44 3601 185 3698 4.ium
225 3601 655 3692 Laconumque
692 3609 961 3690 defectio.
1029 3609 1306 3676 Nondum
1342 3607 1501 3672 enim
1548 3605 1680 3670 victi
1713 3613 1900 3755 eruunt,
1943 3625 2128 3688 quum

45 3711 48 3750 Ξ
144 3701 358 3747 cursu..

45 3753 49 3865 b
