2417 3900
517 72 703 143 'um
741 80 889 142 vlu.
934 79 1083 161 (Vl.)
1128 82 1291 144 CAP.
1331 82 1407 145 u.
1453 76 1707 143 9--3-t.
2041 80 2166 143 153
2240 163 2255 171 N

106 195 339 278 praebet
352 195 413 256 in
432 214 698 279 campos,
718 198 989 277 ignotum
1004 198 1122 261 nisi
1142 197 1456 277 indigenis.
1497 200 1576 261 At
1593 196 1936 271 Alexander,
1959 218 2168 279 quam-
2187 198 2270 261 22

107 300 267 362 quam
300 285 599 360 angustias
633 284 883 348 naturali
911 282 1027 343 situ
1062 284 1319 347 munitas
1351 285 1538 347 valida
1573 302 1752 347 manu
1779 282 2011 345 barbari
2039 296 2173 350 tue-

102 367 325 439 bantur,
345 379 547 450 tamen⁸
561 370 843 431 arietibus
864 368 1117 429 admotis
1136 369 1518 443 munimenta,
1536 388 1684 449 quae
1703 386 1881 430 manu
1901 369 2172 433 adiuncta

100 464 279 526 erant,
320 456 625 517 concussit
648 454 962 533 fundisque
992 463 1050 515 et
1083 454 1309 533 sagittis
1334 455 1830 535 propugnantium
1857 456 2172 535 plerosque

99 538 335 599 deiecit:
381 560 533 621 quos
566 540 668 603 ubi
709 541 1007 621 dispersos
1040 540 1277 619 fugavit,
1321 540 1524 602 ruinas
1548 542 2046 603 munimentorum
2073 560 2174 603 su-

96 642 447 704 pergressus
476 627 548 686 ad
578 634 803 704 petram
831 625 1085 687 admovit
1110 625 1452 688 exercitum.
1523 626 1787 687 Ceterum
1821 626 2174 688 intervenie-
2192 628 2276 689 23

95 711 199 771 bat
241 708 471 783 fluvius,
514 711 857 774 coeuntibus
896 711 1063 790 aquis
1114 730 1183 773 ex
1227 711 1537 791 superiore
1577 711 1804 789 fastigio
1841 712 1904 772 in
1947 714 2174 783 vallem,
2223 777 2231 787 ,
2277 728 2284 769 ·.

95 794 415 872 magnique
436 797 631 875 operis
651 796 951 859 videbatur
967 806 1085 859 tam
1106 805 1329 859 vastam
1354 797 1692 877 voraginem
1711 798 1962 877 explere.
2001 796 2178 860 Caedi

98 888 295 941 tamen
324 882 563 943 arbores
590 892 651 943 et
672 901 808 945 saxa
828 882 1071 961 congeri
1096 883 1294 945 iussit:
1330 884 1678 963 ingensque
1673 883 1972 945 barbaros
1990 901 2175 963 pavor
2195 883 2279 945 24

93 965 281 1027 rudes
318 968 390 1029 ad
417 966 545 1029 talia
583 986 761 1048 opera
790 977 1189 1044 concusserat,
1235 969 1546 1031 excitatam
1573 970 1789 1057 molem
1816 969 2009 1031 subito
2045 988 2174 1031 cer·
2279 1014 2284 1025 .

19 1068 21 1071 ’
93 1059 328 1112 nentes.

222 1135 424 1216 ltaque
446 1155 551 1197 rex
568 1140 643 1199 ad
668 1138 1032 1200 deditionem
1050 1146 1211 1200 metu
1235 1159 1415 1219 posse
1438 1138 1707 1218 compelli
1729 1145 1892 1199 ratus
1915 1135 2178 1197 Oxarten
2195 1136 2280 1198 25

91 1220 253 1283 misit
283 1222 539 1283 nationis
568 1223 852 1295 eiusdem,
888 1226 996 1285 sed
1025 1223 1260 1283 ditionis
1289 1242 1450 1297 suae,
1489 1222 1590 1301 qui
1617 1224 1891 1283 suaderet
1924 1220 2080 1294 duci,
2115 1228 2180 1289 ut

88 1308 354 1367 traderet
372 1315 621 1385 petram.
666 1307 905 1377 Interim
929 1308 1005 1368 ad
1028 1308 1354 1385 augendam
1377 1306 1752 1370 formidinem
1777 1314 1835 1366 et
1857 1315 2050 1367 turres
2071 1306 2179 1369 ad·
2197 1306 2282 1368 26

87 1394 507 1462 movebantur,
528 1400 583 1451 et
604 1410 849 1451 excussa
867 1392 1176 1453 tormentis
1193 1394 1314 1452 tela
1327 1392 1638 1454 micabant.
1683 1391 1887 1469 Itaque
1907 1390 2180 1453 verticem

84 1488 299 1557 petrae
328 1475 493 1537 omni
520 1475 631 1535 alio
662 1476 956 1554 praesidio
984 1477 1260 1538 damnato
1283 1477 1634 1558 petiverunt.
1689 1478 1764 1537 At
1789 1476 2036 1537 Oxartes
2061 1483 2182 1539 tre·
2199 1467 2286 1549 2'7‘¹
2329 1542 2337 1551 ,

82 1564 301 1643 pidum
330 1547 814 1640 diffidentemque
841 1562 1023 1623 rebus
1050 1561 1171 1623 suis
1198 1562 1606 1660 Sysimithrem
1633 1562 1829 1643 coepit
1851 1560 2094 1636 hortari,
2121 1570 2188 1623 ut

80 1650 277 1709 fidem
324 1664 503 1725 quam
551 1645 666 1707 vim
706 1647 1093 1709 Macedonum
1140 1648 1336 1711 mallet
1381 1647 1650 1727 experiri,
1697 1666 1816 1711 neu
1857 1654 2188 1709 moraretur
2286 1698 2294 1708 .

78 1731 539 1794 festinationem
560 1732 789 1793 victoris
812 1733 1099 1797 exercitus
1119 1732 1183 1795 in
1198 1734 1430 1795 Indiam
1449 1732 1771 1797 tendentis.
1802 1733 1896 1796 cui
1919 1731 2185 1815 quisquis

82 1825 296 1879 semet
326 1818 580 1891 offerret,
628 1818 687 1878 in
716 1836 891 1880 suum
929 1828 1105 1900 caput
1138 1819 1385 1885 alienam
1421 1820 1648 1883 cladem
1688 1837 1822 1883 esse
1853 1837 2182 1883 versurum.

76 1904 167 1968 Et
193 1903 326 1983 ipse
354 1902 589 1982 quidem
616 1904 995 1986 Sysimtthres
1019 1905 1380 1970 deditionem
1407 1906 1733 1972 annuebat·
1767 1914 2027 1970 ceterum
2053 1924 2182 1970 ma·
2201 1916 2286 1982 28

79 1999 188 2052 ter
222 1989 547 2069 eademque
584 1991 796 2053 coniux
834 1992 1175 2056 morituram
1216 2012 1282 2055 so
1308 2001 1445 2057 ante
1482 1993 1863 2065 denuncians,
1910 2010 2085 2071 quam
2119 1990 2184 2051 in

78 2075 273 2138 ullius
299 2073 523 2136 veniret
560 2085 930 2154 potestatem,
976 2078 1209 2140 barbari
1245 2079 1505 2140 animum
1539 2076 1615 2136 ad
1640 2075 1982 2139 honestiora
2009 2093 2186 2155 quam

78 2161 317 2222 tutiora
345 2167 730 2234 converterat,
777 2162 1173 2241 pudebatque,
1209 2161 1496 2224 libertatis
1530 2156 1719 2220 maius
1747 2176 1878 2220 esse
1915 2160 2073 2237 apud
2098 2159 2187 2218 fe-

79 2246 295 2308 minas
320 2262 497 2323 quam
523 2246 680 2323 apud
704 2246 858 2307 viros
876 2249 1153 2325 pretium.
1195 2245 1400 2324 ltaque
1423 2242 1666 2305 dimisso
1687 2241 2056 2304 internuncio
2078 2259 2188 2320 pa
2206 2250 2287 2311 29

82 2332 183 2394 cis
210 2329 589 2392 obsidionem
617 2331 769 2391 ferre
788 2331 1144 2393 decreverat.
1190 2330 1312 2392 Sed
1339 2345 1521 2410 quum
1538 2327 1730 2388 hostis
1753 2327 1908 2390 vires
1933 2345 2188 2406 suasque

78 2425 405 2497 pgnsaret,
452 2432 660 2476 rursus
690 2415 991 2478 muliebris
1015 2415 1260 2491 consilii,
1306 2413 1466 2497 quod
1490 2431 1776 2494 praeceps
1799 2413 1984 2492 magis
2011 2431 2189 2493 quam

76 2499 507 2565 necessarium
532 2519 667 2562 esse
690 2501 981 2576 credebat,
1023 2501 1328 2583 poenitere
1362 2519 1496 2568 eum
1533 2499 1752 2578 coepit:
1795 2509 2190 2580 revocatoque
2207 2505 2290 2568 30

78 2596 350 2650 strenue
378 2587 599 2648 Oxarte
635 2587 893 2648 futurum
929 2607 993 2649 se
1029 2589 1089 2651 in
1120 2588 1278 2667 regis
1307 2595 1596 2668 potestate
1632 2585 1959 2666 respondit,
2003 2603 2191 2650 unum-

76 2680 404 2756 precatus,
445 2691 521 2734 ne
547 2673 899 2740 voluntatem
925 2684 981 2734 et
1009 2674 1313 2735 consilium
1337 2673 1540 2736 matris
1565 2690 1708 2734 suae
1735 2672 2030 2752 proderet,
2069 2692 2186 2755 quo
2243 2697 2250 2736 ·.

79 2757 337 2822 facilius
363 2758 528 2821 venia
554 2757 635 2820 illi
661 2777 894 2838 quoque
918 2758 1348 2840 impetraretur.
1391 2758 1787 2822 Praemissum
1807 2759 1982 2836 igitur
2003 2759 2187 2822 Oxar-
2205 2763 2289 2825 31

78 2853 213 2908 ten
239 2861 375 2904 cum
398 2853 583 2905 matre
602 2844 922 2924 liberisque
948 2852 1006 2918 et
1027 2845 1205 2910 totius
1233 2844 1594 2924 cognationis
1619 2863 1794 2924 grege
1817 2847 2187 2925 sequebatur,

78 2948 191 2994 ne
228 2938 535 3009 expectato
574 2929 811 3009 quidem
850 2931 985 2993 fidei
1022 2931 1289 3011 pignore,
1333 2932 1490 3010 quod
1530 2930 1774 2994 Oxartes
1817 2933 2190 3010 promiserat.

76 3017 239 3081 Rex
250 3014 459 3114 ’equite
482 3017 827 3114 praemisso,
868 3017 967 3097 qui
993 3017 1207 3080 reverti
1233 3035 1336 3078 eos
1361 3015 1588 3078 iuberet
1612 3016 1990 3100 opperirique
2014 3035 2190 3098 prae-
2207 3013 2291 3076 32

78 3099 365 3200 sentiam
401 3101 606 3180 ipsiuS,
652 3103 1013 3184 supervenit3
1062 3111 1119 3166 et
1160 3101 1406 3164 victimis
1453 3099 1746 3164 Minervae
1790 3122 1861 3165 ac
1902 3101 2190 3165 Victoriae

80 3185 305 3252 eaesis
329 3185 640 3267 imperium
670 3188 999 3267 Sysimithri
1028 3189 1300 3262 restituit,
1335 3205 1443 3268 spe
1475 3187 1711 3251 maioris
1738 3190 1911 3252 etiam
1947 3183 2189 3266 provin-

80 3273 263 3338 niae
268 3273 434 3346 facta,
468 3273 675 3336 sicum
702 3274 819 3334 fide
842 3275 1147 3336 amicitiam
1176 3275 1364 3355 ipsius
1391 3275 1690 3336 coluisset.
1733 3275 1894 3336 Duos
1919 3273 2000 3334 illi
2025 3271 2190 3330 iuve-
2207 3265 2292 3329 33

74 3374 229 3427 nes
251 3365 419 3438 patre
444 3359 715 3422 tradente
742 3369 941 3420 secum
969 3362 1318 3422 militaturos
1343 3361 1510 3438 sequi
1532 3361 1720 3422 iussit.

247 3441 467 3508 Relicta
496 3445 709 3508 deinde
734 3444 1023 3522 phaiange
1044 3447 1117 3506 ad
1142 3445 1522 3522 subigendoS,
1549 3445 1648 3522 qui
1674 3409 2028 3508 defecerant,
2057 3454 2192 3500 cum

82 3529 318 3612 equite
343 3531 649 3610 processit.
694 3529 953 3592 Arduum
982 3540 1038 3590 ct
1061 3529 1408 3610 impeditum
1443 3529 1598 3593 saxis
1630 3527 1742 3585 iter
1765 3519 1954 3598 primo
1979 3526 2193 3582 utcun-
2208 3516 2292 3578 34
