2417 3900
181 172 190 206 t
294 151 421 217 162
732 146 862 232 {DE
900 150 1170 213 'GESTIS
1217 148 1644 213 ALEXANDRI
1684 143 1924 210 MAGNI

296 285 466 337 antea
506 280 980 351 expertem‘esse
1018 270 1244 331 consilii
1279 271 1566 342 voluerat,
1610 270 1750 348 quid
1790 272 2114 348 pararetur,
2165 266 2374 345 aperitl¹

184 368 274 429 21
298 361 583 425 Onmibus
612 358 874 419 Philotae
897 354 1247 453 supplicium
1272 356 1334 417 in
1359 355 1544 417 oculis
1567 363 1712 417 erat.
1755 355 1956 433 ltaque
1984 352 2264 431 protinus
2291 354 2374 413 ina

294 443 413 509 iioit
438 444 599 506 fratri
624 460 864 504 manum
893 443 1033 503 etin
1066 441 1294 539 regiam·
1312 441 1597 521 pervenit,
1625 440 1997 518 excitatisque
2025 438 2374 499 custodibus

186 536 273 596 22
296 532 561 611 corporis
584 529 660 589 ad
689 529 936 589 salutem
962 527 1118 606 regis
1144 526 1462 606 pertinere,
1511 542 1657 606 quae
1683 528 1932 599 afferret,
1968 525 2247 584 affirmat.
2313 524 2374 585 Ei

212 622 219 630 ’
291 628 546 697 tempus,
570 632 688 693 quo
712 622 1009 686 venerant,
1036 624 1093 673 et
1113 614 1306 673 vultus
1327 612 1485 673 haud
1507 628 1651 673 sane
1675 611 1864 673 securi
1893 610 2070 671 animi
2093 609 2302 681 index,
2327 616 2376 669 et

292 701 581 764 moestitia
616 718 649 760 e
680 698 913 762 duobus
950 698 1208 773 alterius,
1249 698 1648 759 Ptolemaeum
1687 714 1756 759 ac
1789 696 2160 757 Leonnatum
2208 700 2375 757 exon-¹

293 790 505 849 hules
533 786 607 846 ad
634 784 883 847 cubiculi
910 784 1085 844 limen
1112 782 1529 845 excitaverunt.
1593 783 1796 862 ltaque
1819 781 2036 861 apertis
2067 780 2305 841 foribus
2327 788 2375 841 et

226 914 231 925 -
265 874 515 933 lumine
535 872 694 931 illato
707 869 967 949 sopitum
986 886 1151 929 mero
1169 887 1242 929 ac
1262 886 1470 931 somno
1491 869 1742 930 excitant
1762 880 1979 945 regem.
2025 866 2130 926 ille
2157 867 2375 945 paulla-¹

188 962 274 1023 23
294 957 396 1018 flm
438 964 637 1016 mente
678 956 939 1027 collecta,
980 953 1122 1033 quid
1162 954 1456 1027 afferrent,
1492 954 1834 1033 interrogat.
1901 952 2024 1013 Nec
2072 958 2377 1012 cunctatus*

292 1040 657 1120 Eurylochus
680 1058 801 1100 non
828 1057 899 1098 ex
938 1047 1062 1099 toto
1096 1039 1338 1100 domum
1373 1056 1540 1099 suam
1573 1040 1827 1100 aversari
1855 1038 1999 1097 deos
2031 1037 2193 1111 dixit,
2245 1038 2368 1115 quia

232 1129 475 1189 trater
502 1125 705 1205 ipsine,
750 1138 1106 1204 quamquam
1124 1123 1388 1205 impium
1413 1125 1640 1186 facinus
1668 1141 1846 1186 ausus
1873 1124 2045 1195 soret,
2089 1130 2286 1181 tamen
2317 1132 2372 1183 et

290 1211 715 1294 poenitentiam
740 1210 865 1270 eius
886 1216 1103 1289 ageret,
1132 1217 1187 1270 et
1209 1228 1320 1289 per
1342 1226 1408 1271 se
1428 1210 1797 1289 potissimum
1821 1209 2194 1288 profiteretur
2213 1207 2372 1267 indi-

296 1299 471 1362 dum.
512 1298 580 1357 In
606 1314 735 1356 earn
759 1296 951 1375 ipsam
976 1303 1229 1369 noctem,
1257 1311 1406 1377 quae
1429 1296 1760 1368 decederet,
1799 1293 2042 1355 insidias
2067 1292 2370 1371 compara-

214 1390 221 1401 ’
294 1393 389 1445 tas
414 1377 626 1456 misse3
662 1389 933 1442 auctores
964 1381 1198 1443 scelesti
1225 1380 1450 1442 consilii
1480 1398 1630 1455 esse,
1667 1398 1818 1479 quos
1842 1379 2085 1440 minime
2111 1380 2367 1439 crederet

188 1463 279 1535 24
297 1480 423 1531 rex.
488 1468 643 1529 Τιιιιι
664 1466 981 1546 Epimenes
1018 1474 1226 1528 cuncta
1258 1466 1467 1529 ordine
1495 1466 1984 1543 consciorumque
2007 1464 2258 1525 nomina
2283 1482 2366 1523 ex-

297 1553 485 1635 ponit.
528 1552 943 1613 Callisthenem
968 1570 1086 1613 non
1106 1560 1172 1613 ut
1190 1552 1535 1631 participem
1555 1551 1830 1613 facinoris
1850 1549 2226 1613 nominatum
2249 1567 2366 1611 esse

299 1638 625 1712 constabat,
652 1638 761 1699 sed
788 1637 1020 1699 solitum
1046 1654 1364 1716 puerorum
1395 1637 1764 1698 sermonibus
1784 1636 2246 1716 vitupenantium
2273 1636 2381 1696 cri-

188 1731 280 1811 25
299 1721 761 1799 autumnumque
789 1737 991 1799 regem
1014 1723 1215 1783 faciles
1241 1740 1414 1784 aures
1437 1722 1744 1802 praebere.
1800 1722 2054 1795 Quidam
2080 1722 2360 1791 adiiciunt,

214 1828 225 1855 ε
292 1818 483 1891 quum
508 1807 853 1867 Hermolaus
878 1806 1036 1884 apud
1070 1819 1207 1867 eum
1233 1824 1472 1885 quoque
1497 1808 1868 1869 verberatum
1905 1824 1971 1868 se
1996 1824 2031 1867 a
2067 1825 2218 1887 rege
2243 1825 2362 1885 que-

210 1936 213 1949 .
298 1900 545 1965 reuenir,
580 1891 799 1952 dixisse
822 1890 1270 1954 Callisthenem·
1313 1892 1652 1956 meminisse
1677 1893 1911 1966 debere,
1947 1908 2054 1954 eos
2079 1892 2204 1954 iam
2231 1893 2361 1954 viros

228 2057 235 2062 .
300 1992 466 2038 esse·
504 1976 685 2055 idque
708 1994 784 2036 an
798 1973 883 2036 ad
910 1977 1331 2038 consolandam
1353 1979 1690 2080 patientiam
1713 1980 2041 2052 verberum,
2081 1997 2162 2039 an
2191 1979 2300 2039 ad
2285 1997 2362 2038 ιιι

210 2081 223 2108 ⁸
304 2061 641 2124 citandum
624 2079 901 2122 iuvenum
928 2061 1191 2124 dolorem
1219 2063 1434 2124 dietum
1462 2075 1636 2138 esset,
1663 2065 1724 2126 in
1751 2065 2025 2142 ambiguo
2051 2065 2255 2125 fuisse.

192 2159 283 2222 25
304 2173 321 2182 ··
430 2147 575 2220 Rex,
598 2146 774 2209 animi
800 2147 1187 2227 corporisque
1208 2165 1428 2226 sopore
1451 2149 1722 2211 discusso
1749 2167 1929 2230 quum
1951 2149 2096 2210 tanti
2121 2147 2362 2230 periculi,

302 2233 463 2313 quod
478 2241 769 2306 evaserat,
810 2231 1003 2312 imago
1026 2233 1211 2294 oculis
1233 2235 1557 2308 oberraret,
1587 2235 1976 2315 Eurylochum
2005 2251 2042 2295 ι,
2065 2236 2292 2296 talentis
2315 2241 2362 2292 et

302 2317 608 2380 cuiusdam
630 2317 916 2398 Tyridaus
943 2319 1237 2400 opulentis
1270 2321 1444 2381 bonis
1470 2321 1738 2400 protinus
1767 2322 1963 2394 donat,
2003 2321 2362 2398 fratremque,

194 2422 285 2484 27
302 2403 616 2488 antequam
650 2423 761 2484 pro
796 2405 983 2466 salute
1014 2406 1139 2466 eius
1165 2413 1522 2486 precaretur,
1568 2406 1838 2467 restituit.
1903 2406 2161 2467 Sceleris
2190 2413 2365 2466 autem

302 2499 575 2550 auctores
609 2488 879 2567 interque
906 2507 1009 2550 eos
1036 2491 1446 2552 Callisthenem
1471 2492 1694 2552 vinctos
1718 2491 2006 2553 asservari
2030 2488 2212 2563 iubet,
2246 2489 2367 2568 qui-

206 2573 237 2631 ’ξ
304 2573 417 2634 bus
439 2574 501 2636 in
523 2574 743 2652 regiam
768 2573 1033 2635 adductis
1054 2583 1177 2636 toto
1206 2575 1302 2636 die
1325 2583 1386 2636 et
1408 2585 1580 2638 nocte
1600 2577 1868 2656 proxima
1889 2591 2056 2637 mero
2080 2594 2155 2638 ac
2179 2575 2365 2656 vigiliis

200 2673 286 2736 28
306 2657 497 2736 gravis
538 2657 845 2736 acquievit.
910 2659 1161 2721 Postero
1198 2669 1392 2722 autem
1431 2663 1711 2742 frequens
1749 2661 2053 2723 consilium
2095 2661 2366 2725 adhibuit

306 2743 399 2804 cui
422 2751 621 2826 patres
644 2743 1073 2823 propinquique
1097 2763 1320 2820 eorum,
1361 2747 1436 2807 de
1459 2748 1677 2826 quibus
1702 2748 2000 2827 agebatur,
2025 2735 2366 2818 ‘inter-erant,

305 2831 387 2889 ne
400 2827 482 2888 de
495 2843 609 2889 sua
632 2828 869 2908 quidem
888 2829 1073 2891 salute
1089 2831 1311 2892 securi:
1349 2833 1566 2912 quippe
1583 2833 1972 2894 Macedonum
1997 2850 2168 2894 more
2189 2833 2366 2914 perire

306 2913 621 2988 debebant,
660 2914 925 2977 omnium
946 2915 1175 2978 devotis
1203 2917 1503 2996 capitibus,
1545 2919 1664 2998 qui
1674 2919 1958 2998 sanguine
1995 2919 2368 2998 contigissent

204 2999 287 3073 ξς
308 3015 433 3060 eos
476 2999 605 3060 Rex
624 2999 916 3062 introduci
940 3001 1275 3064 coniuratos
1295 3012 1530 3083 praeter
1549 3003 1962 3066 Callisthenem
1983 3005 2178 3079 iussit,
2213 3013 2366 3084 atque

306 3086 457 3183 quae
479 3084 856 3164 agitaverant,
890 3087 1023 3148 sine
1046 3089 1418 3152 cunctatione
1445 3091 1702 3150 confessi
1727 3101 1884 3153 sunt.
1929 3090 2364 3188 Increpantibus

306 3170 523 3235 deinde
542 3171 843 3234 universis
858 3189 961 3234 eos
994 3173 1125 3252 ipse
1156 3191 1278 3246 rex,
1319 3190 1438 3254 quo
1469 3189 1580 3236 suo
1607 3179 1820 3238 merito
1843 3183 2070 3238 tantum
2105 3175 2172 3238 in
2201 3181 2366 3238 semet

306 3256 665 3343 cogitassent
684 3258 931 3331 facinus,
956 3258 1298 3336 interrogat

216 3336 287 3410 :1
413 3335 743 3424 cap.v11.
788 3344 1165 3421 Stupentibus
1184 3344 1400 3406 ceteris
1419 3340 1784 3420 Hermolaus,
1825 3345 1948 3408 Nos
1969 3363 2137 3423 vero,
2179 3345 2368 3427 inquit,

308 3430 605 3508 quoniam,
624 3429 809 3510 quasi
802 3430 1063 3503 nescias,
1080 3430 1334 3510 quaeris,
1357 3432 1662 3493 occidendi
1682 3439 1740 3492 te
1757 3429 2106 3493 consilium
2085 3433 2371 3502 inivimus,

310 3513 448 3592 quia
482 3533 603 3578 non
636 3525 705 3578 ut
735 3516 1005 3593 ingenuis
1032 3515 1326 3597 imperare
1358 3516 1622 3596 coepisti,
1664 3517 1769 3579 sed
1805 3516 1974 3596 quasi
1995 3519 2059 3580 in
2086 3515 2373 3598 mancipia

236 3597 295 3657 2
311 3599 653 3703 dominaris,
688 3595 929 3668 Ριιιιιιιι
950 3614 1025 3665 ex
1044 3601 1320 3666 omnibus
1341 3613 1528 3682 pater
1533 3603 1720 3682 ipsius
1747 3599 1997 3684 Sopolis,
2024 3603 2374 3720 patricidam
