<?xml version="1.0" encoding="UTF-8"?>
<!DOCTYPE html PUBLIC "-//W3C//DTD XHTML 1.0 Transitional//EN"
    "http://www.w3.org/TR/xhtml1/DTD/xhtml1-transitional.dtd">
<html xmlns="http://www.w3.org/1999/xhtml" xml:lang="en" lang="en">
 <head>
  <title>
</title>
<meta http-equiv="Content-Type" content="text/html;charset=utf-8" />
  <meta name='ocr-system' content='tesseract 3.04.00' />
  <meta name='ocr-capabilities' content='ocr_page ocr_carea ocr_par ocr_line ocrx_word'/>
</head>
<body>
  <div class='ocr_page' id='page_1' title='image "./qcurtiirufidege00kochgoog_0188.png"; bbox 0 0 2417 3900; ppageno 0'>
   <div class='ocr_carea' id='block_1_1' title="bbox 614 118 2212 226">
    <p class='ocr_par' dir='ltr' id='par_1_1' title="bbox 614 118 2212 226">
     <span class='ocr_line' id='line_1_1' title="bbox 614 118 2212 226; baseline 0 -17"><span class='ocrx_word' id='word_1_1' title='bbox 614 150 757 209; x_wconf 77' lang='grc'><strong>1111.</strong></span> <span class='ocrx_word' id='word_1_2' title='bbox 802 148 901 209; x_wconf 83' lang='lat' dir='ltr'><strong>ix</strong></span> <span class='ocrx_word' id='word_1_3' title='bbox 948 146 1417 226; x_wconf 44' lang='grc'><strong>(1111101111,</strong></span> <span class='ocrx_word' id='word_1_4' title='bbox 1467 118 1715 208; x_wconf 85' lang='lat'>1‘-15.</span> <span class='ocrx_word' id='word_1_5' title='bbox 2091 149 2212 211; x_wconf 84' lang='lat'><strong>181</strong></span> 
     </span>
    </p>
   </div>
   <div class='ocr_carea' id='block_1_2' title="bbox 128 252 2280 1285">
    <p class='ocr_par' dir='ltr' id='par_1_2' title="bbox 128 252 2280 1285">
     <span class='ocr_line' id='line_1_2' title="bbox 138 252 2272 365; baseline 0 -38"><span class='ocrx_word' id='word_1_6' title='bbox 138 266 293 327; x_wconf 86' lang='lat' dir='ltr'><strong>tione</strong></span> <span class='ocrx_word' id='word_1_7' title='bbox 324 272 521 361; x_wconf 84' lang='lat' dir='ltr'><strong>prostr</strong></span> <span class='ocrx_word' id='word_1_8' title='bbox 522 275 713 341; x_wconf 85' lang='lat' dir='ltr'><strong>atum3</strong></span> <span class='ocrx_word' id='word_1_9' title='bbox 758 272 955 325; x_wconf 87' lang='lat' dir='ltr'><strong>cetera</strong></span> <span class='ocrx_word' id='word_1_10' title='bbox 990 263 1250 342; x_wconf 85' lang='lat' dir='ltr'>opimam</span> <span class='ocrx_word' id='word_1_11' title='bbox 1285 264 1561 341; x_wconf 79' lang='lat' dir='ltr'><strong>praedam</strong></span> <span class='ocrx_word' id='word_1_12' title='bbox 1605 252 1735 325; x_wconf 84' lang='lat' dir='ltr'><strong>sore</strong></span> <span class='ocrx_word' id='word_1_13' title='bbox 1773 266 2272 365; x_wconf 76' lang='lat' dir='ltr'><strong>celebratasque2</strong></span> 
     </span>
     <span class='ocr_line' id='line_1_3' title="bbox 138 350 2216 439; baseline 0.003 -28"><span class='ocrx_word' id='word_1_14' title='bbox 138 370 281 430; x_wconf 87' lang='lat' dir='ltr'><strong>opes</strong></span> <span class='ocrx_word' id='word_1_15' title='bbox 320 350 382 411; x_wconf 88' lang='lat' dir='ltr'><strong>in</strong></span> <span class='ocrx_word' id='word_1_16' title='bbox 408 368 477 409; x_wconf 89' lang='lat' dir='ltr'><strong>ea</strong></span> <span class='ocrx_word' id='word_1_17' title='bbox 512 352 759 429; x_wconf 76' lang='lat' dir='ltr'><strong>regione</strong></span> <span class='ocrx_word' id='word_1_18' title='bbox 787 350 1064 422; x_wconf 86' lang='lat' dir='ltr'><strong>eminere,</strong></span> <span class='ocrx_word' id='word_1_19' title='bbox 1103 366 1277 426; x_wconf 89' lang='lat' dir='ltr'><strong>quam</strong></span> <span class='ocrx_word' id='word_1_20' title='bbox 1305 357 1588 427; x_wconf 85' lang='lat' dir='ltr'><strong>peterent.</strong></span> <span class='ocrx_word' id='word_1_21' title='bbox 1656 350 1961 411; x_wconf 81' lang='lat' dir='ltr'><strong>Proinde</strong></span> <span class='ocrx_word' id='word_1_22' title='bbox 1946 371 2058 439; x_wconf 65' lang='lat' dir='ltr'><strong>iam</strong></span> <span class='ocrx_word' id='word_1_23' title='bbox 2085 356 2216 417; x_wconf 87' lang='lat' dir='ltr'><strong>vilia</strong></span> 
     </span>
     <span class='ocr_line' id='line_1_4' title="bbox 138 425 2214 516; baseline 0.002 -20"><span class='ocrx_word' id='word_1_24' title='bbox 138 446 193 498; x_wconf 87' lang='lat' dir='ltr'><strong>et</strong></span> <span class='ocrx_word' id='word_1_25' title='bbox 214 436 481 497; x_wconf 90' lang='lat' dir='ltr'><strong>obsoleta</strong></span> <span class='ocrx_word' id='word_1_26' title='bbox 511 454 647 497; x_wconf 90' lang='lat' dir='ltr'><strong>esse</strong></span> <span class='ocrx_word' id='word_1_27' title='bbox 672 434 862 515; x_wconf 89' lang='lat' dir='ltr'><strong>spolia</strong></span> <span class='ocrx_word' id='word_1_28' title='bbox 892 437 965 496; x_wconf 87' lang='lat' dir='ltr'><strong>de</strong></span> <span class='ocrx_word' id='word_1_29' title='bbox 991 433 1220 495; x_wconf 82' lang='lat' dir='ltr'><strong>Persis:</strong></span> <span class='ocrx_word' id='word_1_30' title='bbox 1227 434 1492 511; x_wconf 84' lang='lat' dir='ltr'><strong>gemmis</strong></span> <span class='ocrx_word' id='word_1_31' title='bbox 1517 425 1964 516; x_wconf 78' lang='lat' dir='ltr'><strong>margaritisque</strong></span> <span class='ocrx_word' id='word_1_32' title='bbox 1991 449 2214 501; x_wconf 78' lang='lat' dir='ltr'><strong>etauio</strong></span> 
     </span>
     <span class='ocr_line' id='line_1_5' title="bbox 134 502 2216 616; baseline 0.002 -33"><span class='ocrx_word' id='word_1_33' title='bbox 134 532 309 602; x_wconf 89' lang='lat' dir='ltr'><strong>atque</strong></span> <span class='ocrx_word' id='word_1_34' title='bbox 332 522 513 582; x_wconf 83' lang='lat' dir='ltr'>ebore</span> <span class='ocrx_word' id='word_1_35' title='bbox 530 521 936 583; x_wconf 84' lang='lat' dir='ltr'><strong>Macedoniam</strong></span> <span class='ocrx_word' id='word_1_36' title='bbox 962 502 1404 616; x_wconf 80' lang='lat' dir='ltr'><strong>Graeciamque,</strong></span> <span class='ocrx_word' id='word_1_37' title='bbox 1428 538 1548 580; x_wconf 90' lang='lat' dir='ltr'><strong>non</strong></span> <span class='ocrx_word' id='word_1_38' title='bbox 1571 540 1710 583; x_wconf 89' lang='lat' dir='ltr'><strong>suas</strong></span> <span class='ocrx_word' id='word_1_39' title='bbox 1735 529 1960 583; x_wconf 87' lang='lat' dir='ltr'><strong>tantum</strong></span> <span class='ocrx_word' id='word_1_40' title='bbox 1988 523 2216 601; x_wconf 87' lang='lat' dir='ltr'><strong>domos,</strong></span> 
     </span>
     <span class='ocr_line' id='line_1_6' title="bbox 130 604 2278 689; baseline 0 -20"><span class='ocrx_word' id='word_1_41' title='bbox 130 610 425 688; x_wconf 89' lang='lat' dir='ltr'><strong>repletum</strong></span> <span class='ocrx_word' id='word_1_42' title='bbox 464 606 570 667; x_wconf 89' lang='lat' dir='ltr'><strong>ire.</strong></span> <span class='ocrx_word' id='word_1_43' title='bbox 634 606 803 669; x_wconf 83' lang='lat' dir='ltr'><strong>Avidi</strong></span> <span class='ocrx_word' id='word_1_44' title='bbox 838 606 1047 667; x_wconf 84' lang='lat' dir='ltr'><strong>milites</strong></span> <span class='ocrx_word' id='word_1_45' title='bbox 1088 613 1148 666; x_wconf 84' lang='lat' dir='ltr'><strong>et</strong></span> <span class='ocrx_word' id='word_1_46' title='bbox 1180 604 1464 684; x_wconf 81' lang='lat' dir='ltr'><strong>pecuniae</strong></span> <span class='ocrx_word' id='word_1_47' title='bbox 1507 614 1564 664; x_wconf 90' lang='lat' dir='ltr'><strong>et</strong></span> <span class='ocrx_word' id='word_1_48' title='bbox 1593 606 1830 684; x_wconf 88' lang='lat' dir='ltr'><strong>gloriae,</strong></span> <span class='ocrx_word' id='word_1_49' title='bbox 1873 608 2048 669; x_wconf 88' lang='lat' dir='ltr'><strong>simul</strong></span> <span class='ocrx_word' id='word_1_50' title='bbox 2085 606 2278 689; x_wconf 79' lang='lat' dir='ltr'><strong>quia3</strong></span> 
     </span>
     <span class='ocr_line' id='line_1_7' title="bbox 132 691 2220 773; baseline 0.001 -19"><span class='ocrx_word' id='word_1_51' title='bbox 132 710 437 772; x_wconf 84' lang='lat' dir='ltr'><strong>nunquam</strong></span> <span class='ocrx_word' id='word_1_52' title='bbox 466 710 570 755; x_wconf 89' lang='lat' dir='ltr'><strong>eos</strong></span> <span class='ocrx_word' id='word_1_53' title='bbox 597 694 900 755; x_wconf 84' lang='lat' dir='ltr'><strong>affirmatio</strong></span> <span class='ocrx_word' id='word_1_54' title='bbox 938 692 1063 753; x_wconf 88' lang='lat' dir='ltr'><strong>eius</strong></span> <span class='ocrx_word' id='word_1_55' title='bbox 1090 692 1387 763; x_wconf 74' lang='lat' dir='ltr'><strong>fefellerat,</strong></span> <span class='ocrx_word' id='word_1_56' title='bbox 1431 691 1782 771; x_wconf 86' lang='lat' dir='ltr'><strong>pollicentur</strong></span> <span class='ocrx_word' id='word_1_57' title='bbox 1806 712 2075 773; x_wconf 86' lang='lat' dir='ltr'><strong>operam:</strong></span> <span class='ocrx_word' id='word_1_58' title='bbox 2129 696 2220 757; x_wconf 86' lang='lat' dir='ltr'><strong>di-</strong></span> 
     </span>
     <span class='ocr_line' id='line_1_8' title="bbox 130 776 2220 859; baseline 0 -18"><span class='ocrx_word' id='word_1_59' title='bbox 130 778 453 857; x_wconf 85' lang='lat' dir='ltr'><strong>missisque</strong></span> <span class='ocrx_word' id='word_1_60' title='bbox 494 797 626 841; x_wconf 85' lang='lat' dir='ltr'><strong>cum</strong></span> <span class='ocrx_word' id='word_1_61' title='bbox 661 779 815 841; x_wconf 89' lang='lat' dir='ltr'><strong>bona</strong></span> <span class='ocrx_word' id='word_1_62' title='bbox 849 797 957 859; x_wconf 88' lang='lat' dir='ltr'><strong>spe</strong></span> <span class='ocrx_word' id='word_1_63' title='bbox 995 777 1226 856; x_wconf 90' lang='lat' dir='ltr'><strong>navigia</strong></span> <span class='ocrx_word' id='word_1_64' title='bbox 1263 776 1629 841; x_wconf 78' lang='lat' dir='ltr'><strong>exaedificari</strong></span> <span class='ocrx_word' id='word_1_65' title='bbox 1670 777 1862 854; x_wconf 90' lang='lat' dir='ltr'><strong>iubet,</strong></span> <span class='ocrx_word' id='word_1_66' title='bbox 1907 788 1988 854; x_wconf 90' lang='lat' dir='ltr'><strong>ut,</strong></span> <span class='ocrx_word' id='word_1_67' title='bbox 2039 800 2220 859; x_wconf 87' lang='lat' dir='ltr'><strong>quum</strong></span> 
     </span>
     <span class='ocr_line' id='line_1_9' title="bbox 130 862 2280 944; baseline -0.002 -19"><span class='ocrx_word' id='word_1_68' title='bbox 130 872 320 925; x_wconf 85' lang='lat' dir='ltr'><strong>totam</strong></span> <span class='ocrx_word' id='word_1_69' title='bbox 344 862 538 928; x_wconf 82' lang='lat' dir='ltr'><strong>Asiam</strong></span> <span class='ocrx_word' id='word_1_70' title='bbox 564 863 965 944; x_wconf 79' lang='lat' dir='ltr'><strong>percurrisset,</strong></span> <span class='ocrx_word' id='word_1_71' title='bbox 988 866 1169 927; x_wconf 83' lang='lat' dir='ltr'><strong>finem</strong></span> <span class='ocrx_word' id='word_1_72' title='bbox 1190 872 1480 925; x_wconf 89' lang='lat' dir='ltr'><strong>terrarum</strong></span> <span class='ocrx_word' id='word_1_73' title='bbox 1507 881 1670 925; x_wconf 91' lang='lat' dir='ltr'><strong>mare</strong></span> <span class='ocrx_word' id='word_1_74' title='bbox 1691 864 1991 927; x_wconf 85' lang='lat' dir='ltr'><strong>inviseret.</strong></span> <span class='ocrx_word' id='word_1_75' title='bbox 2035 868 2218 927; x_wconf 85' lang='lat' dir='ltr'><strong>Multa</strong></span> <span class='ocrx_word' id='word_1_76' title='bbox 2237 863 2280 921; x_wconf 78' lang='lat'>4</span> 
     </span>
     <span class='ocr_line' id='line_1_10' title="bbox 131 948 2222 1032; baseline 0 -19"><span class='ocrx_word' id='word_1_77' title='bbox 131 948 376 1013; x_wconf 86' lang='lat' dir='ltr'><strong>materia</strong></span> <span class='ocrx_word' id='word_1_78' title='bbox 397 951 613 1013; x_wconf 87' lang='lat' dir='ltr'><strong>navalis</strong></span> <span class='ocrx_word' id='word_1_79' title='bbox 628 950 689 1011; x_wconf 91' lang='lat' dir='ltr'><strong>in</strong></span> <span class='ocrx_word' id='word_1_80' title='bbox 708 949 991 1031; x_wconf 86' lang='lat' dir='ltr'><strong>proximis</strong></span> <span class='ocrx_word' id='word_1_81' title='bbox 1007 950 1307 1011; x_wconf 89' lang='lat' dir='ltr'><strong>montibus</strong></span> <span class='ocrx_word' id='word_1_82' title='bbox 1328 959 1468 1024; x_wconf 90' lang='lat' dir='ltr'><strong>erat,</strong></span> <span class='ocrx_word' id='word_1_83' title='bbox 1491 968 1667 1031; x_wconf 88' lang='lat' dir='ltr'><strong>quam</strong></span> <span class='ocrx_word' id='word_1_84' title='bbox 1687 952 1932 1014; x_wconf 83' lang='lat' dir='ltr'><strong>caedere</strong></span> <span class='ocrx_word' id='word_1_85' title='bbox 1952 951 2222 1032; x_wconf 86' lang='lat' dir='ltr'><strong>aggressi</strong></span> 
     </span>
     <span class='ocr_line' id='line_1_11' title="bbox 128 1033 2278 1119; baseline -0.002 -22"><span class='ocrx_word' id='word_1_86' title='bbox 128 1035 554 1115; x_wconf 80' lang='lat' dir='ltr'><strong>magnitudinis</strong></span> <span class='ocrx_word' id='word_1_87' title='bbox 580 1037 890 1098; x_wconf 82' lang='lat' dir='ltr'><strong>inusitatae</strong></span> <span class='ocrx_word' id='word_1_88' title='bbox 908 1054 1228 1115; x_wconf 76' lang='lat' dir='ltr'><strong>repperere</strong></span> <span class='ocrx_word' id='word_1_89' title='bbox 1248 1044 1575 1117; x_wconf 78' lang='lat' dir='ltr'><strong>serpentes·</strong></span> <span class='ocrx_word' id='word_1_90' title='bbox 1619 1036 2044 1100; x_wconf 79' lang='lat' dir='ltr'><strong>Rhinocerotes</strong></span> <span class='ocrx_word' id='word_1_91' title='bbox 2069 1058 2218 1119; x_wconf 82' lang='lat' dir='ltr'><strong>quo·</strong></span> <span class='ocrx_word' id='word_1_92' title='bbox 2238 1033 2278 1092; x_wconf 82' lang='lat'>5</span> 
     </span>
     <span class='ocr_line' id='line_1_12' title="bbox 130 1120 2224 1201; baseline 0.001 -20"><span class='ocrx_word' id='word_1_93' title='bbox 130 1139 267 1201; x_wconf 87' lang='lat' dir='ltr'><strong>que,</strong></span> <span class='ocrx_word' id='word_1_94' title='bbox 288 1140 487 1182; x_wconf 90' lang='lat' dir='ltr'><strong>rarum</strong></span> <span class='ocrx_word' id='word_1_95' title='bbox 512 1123 648 1183; x_wconf 89' lang='lat' dir='ltr'><strong>alibi</strong></span> <span class='ocrx_word' id='word_1_96' title='bbox 666 1122 899 1195; x_wconf 88' lang='lat' dir='ltr'><strong>animal,</strong></span> <span class='ocrx_word' id='word_1_97' title='bbox 924 1122 989 1182; x_wconf 91' lang='lat' dir='ltr'><strong>in</strong></span> <span class='ocrx_word' id='word_1_98' title='bbox 1010 1120 1220 1181; x_wconf 88' lang='lat' dir='ltr'><strong>iisdem</strong></span> <span class='ocrx_word' id='word_1_99' title='bbox 1243 1122 1545 1182; x_wconf 89' lang='lat' dir='ltr'><strong>montibus</strong></span> <span class='ocrx_word' id='word_1_100' title='bbox 1576 1136 1760 1183; x_wconf 88' lang='lat' dir='ltr'><strong>erant.</strong></span> <span class='ocrx_word' id='word_1_101' title='bbox 1807 1124 2077 1185; x_wconf 89' lang='lat' dir='ltr'><strong>Ceterum</strong></span> <span class='ocrx_word' id='word_1_102' title='bbox 2104 1124 2224 1183; x_wconf 85' lang='lat' dir='ltr'><strong>hoc</strong></span> 
     </span>
     <span class='ocr_line' id='line_1_13' title="bbox 130 1205 2222 1285; baseline -0.001 -16"><span class='ocrx_word' id='word_1_103' title='bbox 130 1226 361 1269; x_wconf 81' lang='lat' dir='ltr'><strong>nomen</strong></span> <span class='ocrx_word' id='word_1_104' title='bbox 402 1208 592 1267; x_wconf 89' lang='lat' dir='ltr'><strong>beluis</strong></span> <span class='ocrx_word' id='word_1_105' title='bbox 636 1207 887 1268; x_wconf 89' lang='lat' dir='ltr'><strong>inditum</strong></span> <span class='ocrx_word' id='word_1_106' title='bbox 927 1224 961 1265; x_wconf 92' lang='lat' dir='ltr'><strong>a</strong></span> <span class='ocrx_word' id='word_1_107' title='bbox 1004 1205 1274 1267; x_wconf 84' lang='lat' dir='ltr'><strong>Graecis:</strong></span> <span class='ocrx_word' id='word_1_108' title='bbox 1325 1206 1618 1267; x_wconf 88' lang='lat' dir='ltr'><strong>sermonis</strong></span> <span class='ocrx_word' id='word_1_109' title='bbox 1663 1206 1788 1267; x_wconf 90' lang='lat' dir='ltr'><strong>eius</strong></span> <span class='ocrx_word' id='word_1_110' title='bbox 1834 1207 2022 1285; x_wconf 90' lang='lat' dir='ltr'><strong>ignari</strong></span> <span class='ocrx_word' id='word_1_111' title='bbox 2064 1208 2222 1267; x_wconf 90' lang='lat' dir='ltr'><strong>aliud</strong></span> 
     </span>
    </p>
   </div>
   <div class='ocr_carea' id='block_1_3' title="bbox 123 1282 2397 1371">
    <p class='ocr_par' dir='ltr' id='par_1_3' title="bbox 123 1282 2397 1371">
     <span class='ocr_line' id='line_1_14' title="bbox 123 1282 2397 1371; baseline 0.002 -18"><span class='ocrx_word' id='word_1_112' title='bbox 123 1292 333 1371; x_wconf 75' lang='lat' dir='ltr'><strong>lingua</strong></span> <span class='ocrx_word' id='word_1_113' title='bbox 370 1295 477 1352; x_wconf 77' lang='lat' dir='ltr'><strong>sua</strong></span> <span class='ocrx_word' id='word_1_114' title='bbox 509 1299 817 1370; x_wconf 87' lang='lat' dir='ltr'><strong>usurpant.</strong></span> <span class='ocrx_word' id='word_1_115' title='bbox 882 1292 1011 1351; x_wconf 85' lang='lat' dir='ltr'><strong>Rex</strong></span> <span class='ocrx_word' id='word_1_116' title='bbox 1038 1289 1269 1351; x_wconf 89' lang='lat' dir='ltr'><strong>duabus</strong></span> <span class='ocrx_word' id='word_1_117' title='bbox 1304 1290 1551 1351; x_wconf 87' lang='lat' dir='ltr'><strong>urbibus</strong></span> <span class='ocrx_word' id='word_1_118' title='bbox 1591 1291 1841 1351; x_wconf 86' lang='lat' dir='ltr'><strong>conditis</strong></span> <span class='ocrx_word' id='word_1_119' title='bbox 1873 1292 1936 1352; x_wconf 90' lang='lat' dir='ltr'><strong>in</strong></span> <span class='ocrx_word' id='word_1_120' title='bbox 1975 1298 2279 1371; x_wconf 82' lang='lat' dir='ltr'><strong>utraque6</strong></span> <span class='ocrx_word' id='word_1_121' title='bbox 2319 1286 2326 1293; x_wconf 51' lang='lat'>⁸</span> <span class='ocrx_word' id='word_1_122' title='bbox 2394 1282 2397 1289; x_wconf 58' lang='grc'><strong>’</strong></span> 
     </span>
    </p>
   </div>
   <div class='ocr_carea' id='block_1_4' title="bbox 126 1371 2224 1629">
    <p class='ocr_par' dir='ltr' id='par_1_4' title="bbox 126 1371 2224 1629">
     <span class='ocr_line' id='line_1_15' title="bbox 126 1371 2224 1457; baseline -0.001 -18"><span class='ocrx_word' id='word_1_123' title='bbox 126 1374 414 1449; x_wconf 74' lang='grc'><strong>111111111115,</strong></span> <span class='ocrx_word' id='word_1_124' title='bbox 446 1376 605 1454; x_wconf 88' lang='lat' dir='ltr'><strong>quod</strong></span> <span class='ocrx_word' id='word_1_125' title='bbox 626 1384 1024 1457; x_wconf 88' lang='lat' dir='ltr'><strong>superaverat,</strong></span> <span class='ocrx_word' id='word_1_126' title='bbox 1047 1371 1176 1453; x_wconf 88' lang='lat' dir='ltr'><strong>ripa</strong></span> <span class='ocrx_word' id='word_1_127' title='bbox 1196 1374 1499 1452; x_wconf 89' lang='lat' dir='ltr'><strong>copiarum</strong></span> <span class='ocrx_word' id='word_1_128' title='bbox 1523 1374 1701 1435; x_wconf 91' lang='lat' dir='ltr'><strong>duces</strong></span> <span class='ocrx_word' id='word_1_129' title='bbox 1725 1377 1959 1437; x_wconf 89' lang='lat' dir='ltr'><strong>coronis</strong></span> <span class='ocrx_word' id='word_1_130' title='bbox 1986 1387 2043 1439; x_wconf 91' lang='lat' dir='ltr'><strong>et</strong></span> <span class='ocrx_word' id='word_1_131' title='bbox 2065 1378 2224 1439; x_wconf 88' lang='lat' dir='ltr'><strong>mille</strong></span> 
     </span>
     <span class='ocr_line' id='line_1_16' title="bbox 127 1460 2222 1559; baseline 0 -36"><span class='ocrx_word' id='word_1_132' title='bbox 127 1462 331 1524; x_wconf 85' lang='lat' dir='ltr'><strong>aureis</strong></span> <span class='ocrx_word' id='word_1_133' title='bbox 341 1460 637 1559; x_wconf 80' lang='lat' dir='ltr'><strong>singulos</strong></span> <span class='ocrx_word' id='word_1_134' title='bbox 651 1462 864 1522; x_wconf 91' lang='lat' dir='ltr'><strong>donat:</strong></span> <span class='ocrx_word' id='word_1_135' title='bbox 908 1461 1119 1520; x_wconf 85' lang='lat' dir='ltr'><strong>ceteris</strong></span> <span class='ocrx_word' id='word_1_136' title='bbox 1154 1478 1390 1538; x_wconf 89' lang='lat' dir='ltr'><strong>quoque</strong></span> <span class='ocrx_word' id='word_1_137' title='bbox 1415 1478 1524 1539; x_wconf 86' lang='lat' dir='ltr'><strong>pro</strong></span> <span class='ocrx_word' id='word_1_138' title='bbox 1555 1460 1826 1539; x_wconf 87' lang='lat' dir='ltr'><strong>portione</strong></span> <span class='ocrx_word' id='word_1_139' title='bbox 1855 1472 1955 1523; x_wconf 86' lang='lat' dir='ltr'><strong>aut</strong></span> <span class='ocrx_word' id='word_1_140' title='bbox 1985 1464 2222 1541; x_wconf 82' lang='lat' dir='ltr'><strong>graduS,</strong></span> 
     </span>
     <span class='ocr_line' id='line_1_17' title="bbox 131 1546 2222 1629; baseline -0.001 -19"><span class='ocrx_word' id='word_1_141' title='bbox 131 1566 315 1629; x_wconf 84' lang='lat' dir='ltr'><strong>quem</strong></span> <span class='ocrx_word' id='word_1_142' title='bbox 337 1546 399 1607; x_wconf 92' lang='lat' dir='ltr'><strong>in</strong></span> <span class='ocrx_word' id='word_1_143' title='bbox 426 1546 675 1607; x_wconf 89' lang='lat' dir='ltr'><strong>amicitia</strong></span> <span class='ocrx_word' id='word_1_144' title='bbox 702 1546 1065 1617; x_wconf 85' lang='lat' dir='ltr'><strong>obtinebant,</strong></span> <span class='ocrx_word' id='word_1_145' title='bbox 1108 1554 1208 1606; x_wconf 85' lang='lat' dir='ltr'><strong>aut</strong></span> <span class='ocrx_word' id='word_1_146' title='bbox 1231 1554 1473 1605; x_wconf 89' lang='lat' dir='ltr'><strong>navatae</strong></span> <span class='ocrx_word' id='word_1_147' title='bbox 1502 1563 1718 1625; x_wconf 85' lang='lat' dir='ltr'><strong>operae</strong></span> <span class='ocrx_word' id='word_1_148' title='bbox 1752 1547 1946 1607; x_wconf 86' lang='lat' dir='ltr'><strong>honos</strong></span> <span class='ocrx_word' id='word_1_149' title='bbox 1985 1547 2222 1609; x_wconf 88' lang='lat' dir='ltr'><strong>habitus</strong></span> 
     </span>
    </p>
   </div>
   <div class='ocr_carea' id='block_1_5' title="bbox 131 1622 2282 1729">
    <p class='ocr_par' dir='ltr' id='par_1_5' title="bbox 131 1622 2398 1729">
     <span class='ocr_line' id='line_1_18' title="bbox 131 1622 2282 1729; baseline 0 -34"><span class='ocrx_word' id='word_1_150' title='bbox 131 1643 244 1696; x_wconf 89' lang='lat' dir='ltr'><strong>est.</strong></span> <span class='ocrx_word' id='word_1_151' title='bbox 313 1631 609 1706; x_wconf 72' lang='grc' dir='ltr'><strong>Α1115Ξ1105,</strong></span> <span class='ocrx_word' id='word_1_152' title='bbox 656 1632 767 1729; x_wconf 43' lang='lat' dir='ltr'><strong>qui·</strong></span> <span class='ocrx_word' id='word_1_153' title='bbox 784 1632 970 1711; x_wconf 90' lang='lat' dir='ltr'><strong>prius,</strong></span> <span class='ocrx_word' id='word_1_154' title='bbox 1021 1648 1193 1711; x_wconf 89' lang='lat' dir='ltr'><strong>quam</strong></span> <span class='ocrx_word' id='word_1_155' title='bbox 1225 1649 1356 1691; x_wconf 90' lang='lat' dir='ltr'><strong>cum</strong></span> <span class='ocrx_word' id='word_1_156' title='bbox 1378 1631 1534 1691; x_wconf 90' lang='lat' dir='ltr'><strong>Poro</strong></span> <span class='ocrx_word' id='word_1_157' title='bbox 1565 1622 1954 1706; x_wconf 85' lang='lat' dir='ltr'><strong>dimicaretur,</strong></span> <span class='ocrx_word' id='word_1_158' title='bbox 1997 1633 2282 1729; x_wconf 71' lang='lat' dir='ltr'><strong>legatos?</strong></span> 
     </span>
    </p>
   </div>
   <div class='ocr_carea' id='block_1_6' title="bbox 132 1716 2224 1797">
    <p class='ocr_par' dir='ltr' id='par_1_6' title="bbox 132 1716 2224 1797">
     <span class='ocr_line' id='line_1_19' title="bbox 132 1716 2224 1797; baseline -0.001 -16"><span class='ocrx_word' id='word_1_159' title='bbox 132 1720 213 1781; x_wconf 91' lang='lat' dir='ltr'><strong>ad</strong></span> <span class='ocrx_word' id='word_1_160' title='bbox 251 1718 645 1779; x_wconf 86' lang='lat' dir='ltr'><strong>Alexandrum</strong></span> <span class='ocrx_word' id='word_1_161' title='bbox 690 1718 944 1792; x_wconf 88' lang='lat' dir='ltr'><strong>miserat,</strong></span> <span class='ocrx_word' id='word_1_162' title='bbox 986 1735 1191 1779; x_wconf 87' lang='lat' dir='ltr'><strong>rursus</strong></span> <span class='ocrx_word' id='word_1_163' title='bbox 1239 1716 1382 1777; x_wconf 90' lang='lat' dir='ltr'><strong>alios</strong></span> <span class='ocrx_word' id='word_1_164' title='bbox 1417 1716 1576 1778; x_wconf 88' lang='lat' dir='ltr'><strong>misit</strong></span> <span class='ocrx_word' id='word_1_165' title='bbox 1606 1716 1982 1797; x_wconf 80' lang='lat' dir='ltr'><strong>pollicenteS‚</strong></span> <span class='ocrx_word' id='word_1_166' title='bbox 2026 1718 2224 1779; x_wconf 87' lang='lat' dir='ltr'><strong>omnia</strong></span> 
     </span>
    </p>
   </div>
   <div class='ocr_carea' id='block_1_7' title="bbox 25 1784 2225 1972">
    <p class='ocr_par' dir='ltr' id='par_1_7' title="bbox 25 1784 2225 1972">
     <span class='ocr_line' id='line_1_20' title="bbox 25 1784 2225 1900; baseline -0.001 -35"><span class='ocrx_word' id='word_1_167' title='bbox 25 1854 33 1883; x_wconf 25' lang='lat'><strong>⁸,</strong></span> <span class='ocrx_word' id='word_1_168' title='bbox 132 1784 447 1875; x_wconf 84' lang='lat' dir='ltr'><strong>facturum,</strong></span> <span class='ocrx_word' id='word_1_169' title='bbox 475 1822 622 1883; x_wconf 88' lang='lat' dir='ltr'><strong>quae</strong></span> <span class='ocrx_word' id='word_1_170' title='bbox 646 1803 1015 1884; x_wconf 87' lang='lat' dir='ltr'><strong>imperasset,</strong></span> <span class='ocrx_word' id='word_1_171' title='bbox 1040 1802 1218 1864; x_wconf 89' lang='lat' dir='ltr'><strong>modo</strong></span> <span class='ocrx_word' id='word_1_172' title='bbox 1243 1820 1318 1863; x_wconf 88' lang='lat' dir='ltr'><strong>ne</strong></span> <span class='ocrx_word' id='word_1_173' title='bbox 1342 1811 1651 1900; x_wconf 86' lang='lat' dir='ltr'><strong>cogeretur</strong></span> <span class='ocrx_word' id='word_1_174' title='bbox 1677 1822 1895 1884; x_wconf 89' lang='lat' dir='ltr'><strong>corpus</strong></span> <span class='ocrx_word' id='word_1_175' title='bbox 1920 1823 2091 1866; x_wconf 91' lang='lat' dir='ltr'><strong>suum</strong></span> <span class='ocrx_word' id='word_1_176' title='bbox 2117 1804 2225 1867; x_wconf 90' lang='lat' dir='ltr'><strong>de-</strong></span> 
     </span>
     <span class='ocr_line' id='line_1_21' title="bbox 25 1888 2222 1972; baseline 0 -20"><span class='ocrx_word' id='word_1_177' title='bbox 25 1888 29 1933; x_wconf 69' lang='grc' dir='ltr'>ῑ</span> <span class='ocrx_word' id='word_1_178' title='bbox 132 1890 307 1952; x_wconf 88' lang='lat' dir='ltr'><strong>dere:</strong></span> <span class='ocrx_word' id='word_1_179' title='bbox 356 1908 549 1970; x_wconf 88' lang='lat' dir='ltr'><strong>neque</strong></span> <span class='ocrx_word' id='word_1_180' title='bbox 580 1890 735 1952; x_wconf 87' lang='lat' dir='ltr'><strong>enim</strong></span> <span class='ocrx_word' id='word_1_181' title='bbox 766 1900 864 1954; x_wconf 86' lang='lat' dir='ltr'><strong>aut</strong></span> <span class='ocrx_word' id='word_1_182' title='bbox 891 1888 1017 1952; x_wconf 88' lang='lat' dir='ltr'><strong>sine</strong></span> <span class='ocrx_word' id='word_1_183' title='bbox 1042 1888 1206 1968; x_wconf 85' lang='lat' dir='ltr'><strong>regio</strong></span> <span class='ocrx_word' id='word_1_184' title='bbox 1231 1888 1480 1968; x_wconf 88' lang='lat' dir='ltr'><strong>imperio</strong></span> <span class='ocrx_word' id='word_1_185' title='bbox 1504 1888 1789 1953; x_wconf 86' lang='lat' dir='ltr'><strong>victurum</strong></span> <span class='ocrx_word' id='word_1_186' title='bbox 1821 1898 1920 1952; x_wconf 86' lang='lat' dir='ltr'><strong>aut</strong></span> <span class='ocrx_word' id='word_1_187' title='bbox 1943 1900 2222 1972; x_wconf 82' lang='lat' dir='ltr'><strong>regnatu·-</strong></span> 
     </span>
    </p>
   </div>
   <div class='ocr_carea' id='block_1_8' title="bbox 2389 1818 2398 1906">
    <p class='ocr_par' dir='ltr' id='par_1_8' title="bbox 2389 1818 2398 1906">
     <span class='ocr_line' id='line_1_22' title="bbox 2389 1818 2398 1906; baseline 0 0"><span class='ocrx_word' id='word_1_188' title='bbox 2389 1818 2398 1906; x_wconf 62' lang='lat'><strong>³³</strong></span> 
     </span>
    </p>
   </div>
   <div class='ocr_carea' id='block_1_9' title="bbox 122 1974 2396 2057">
    <p class='ocr_par' dir='ltr' id='par_1_9' title="bbox 122 1974 2396 2057">
     <span class='ocr_line' id='line_1_23' title="bbox 122 1974 2396 2057; baseline -0.002 -19"><span class='ocrx_word' id='word_1_189' title='bbox 122 1994 270 2038; x_wconf 80' lang='lat' dir='ltr'><strong>rum</strong></span> <span class='ocrx_word' id='word_1_190' title='bbox 295 1994 427 2036; x_wconf 89' lang='lat' dir='ltr'><strong>esse</strong></span> <span class='ocrx_word' id='word_1_191' title='bbox 456 1977 767 2057; x_wconf 86' lang='lat' dir='ltr'><strong>captivum.</strong></span> <span class='ocrx_word' id='word_1_192' title='bbox 814 1975 918 2038; x_wconf 89' lang='lat' dir='ltr'><strong>Cui</strong></span> <span class='ocrx_word' id='word_1_193' title='bbox 942 1975 1274 2037; x_wconf 85' lang='lat' dir='ltr'><strong>Alexander</strong></span> <span class='ocrx_word' id='word_1_194' title='bbox 1299 1975 1562 2037; x_wconf 89' lang='lat' dir='ltr'><strong>nunciari</strong></span> <span class='ocrx_word' id='word_1_195' title='bbox 1587 1975 1775 2051; x_wconf 86' lang='lat' dir='ltr'><strong>iussit,</strong></span> <span class='ocrx_word' id='word_1_196' title='bbox 1803 1977 1853 2037; x_wconf 86' lang='lat' dir='ltr'><strong>si</strong></span> <span class='ocrx_word' id='word_1_197' title='bbox 1879 1986 2222 2056; x_wconf 84' lang='lat' dir='ltr'><strong>gravaretur</strong></span> <span class='ocrx_word' id='word_1_198' title='bbox 2240 1974 2281 2034; x_wconf 81' lang='lat'>8</span> <span class='ocrx_word' id='word_1_199' title='bbox 2391 1985 2396 2054; x_wconf 61' lang='lat' dir='ltr'>j</span> 
     </span>
    </p>
   </div>
   <div class='ocr_carea' id='block_1_10' title="bbox 128 2061 1548 2142">
    <p class='ocr_par' dir='ltr' id='par_1_10' title="bbox 128 2061 1548 2142">
     <span class='ocr_line' id='line_1_24' title="bbox 128 2061 1548 2142; baseline -0.001 -19"><span class='ocrx_word' id='word_1_200' title='bbox 128 2063 211 2123; x_wconf 91' lang='lat' dir='ltr'><strong>ad</strong></span> <span class='ocrx_word' id='word_1_201' title='bbox 240 2079 305 2121; x_wconf 90' lang='lat' dir='ltr'><strong>se</strong></span> <span class='ocrx_word' id='word_1_202' title='bbox 328 2061 549 2138; x_wconf 89' lang='lat' dir='ltr'><strong>venire,</strong></span> <span class='ocrx_word' id='word_1_203' title='bbox 572 2063 767 2142; x_wconf 73' lang='lat' dir='ltr'><strong>ipsum</strong></span> <span class='ocrx_word' id='word_1_204' title='bbox 796 2063 869 2122; x_wconf 93' lang='lat' dir='ltr'><strong>ad</strong></span> <span class='ocrx_word' id='word_1_205' title='bbox 898 2080 1029 2122; x_wconf 84' lang='lat' dir='ltr'><strong>eum</strong></span> <span class='ocrx_word' id='word_1_206' title='bbox 1058 2080 1193 2123; x_wconf 88' lang='lat' dir='ltr'><strong>esse</strong></span> <span class='ocrx_word' id='word_1_207' title='bbox 1219 2071 1548 2122; x_wconf 87' lang='lat' dir='ltr'><strong>venturum.</strong></span> 
     </span>
    </p>
   </div>
   <div class='ocr_carea' id='block_1_11' title="bbox 262 2145 2278 2228">
    <p class='ocr_par' dir='ltr' id='par_1_11' title="bbox 262 2129 2396 2228">
     <span class='ocr_line' id='line_1_25' title="bbox 262 2145 2278 2228; baseline 0 -23"><span class='ocrx_word' id='word_1_208' title='bbox 262 2146 417 2206; x_wconf 85' lang='lat' dir='ltr'><strong>Hine</strong></span> <span class='ocrx_word' id='word_1_209' title='bbox 439 2148 595 2208; x_wconf 88' lang='lat' dir='ltr'><strong>Poro</strong></span> <span class='ocrx_word' id='word_1_210' title='bbox 632 2157 766 2210; x_wconf 87' lang='lat' dir='ltr'><strong>ante</strong></span> <span class='ocrx_word' id='word_1_211' title='bbox 804 2156 1079 2228; x_wconf 89' lang='lat' dir='ltr'><strong>superato</strong></span> <span class='ocrx_word' id='word_1_212' title='bbox 1115 2148 1187 2207; x_wconf 89' lang='lat' dir='ltr'><strong>ad</strong></span> <span class='ocrx_word' id='word_1_213' title='bbox 1211 2147 1493 2208; x_wconf 89' lang='lat' dir='ltr'><strong>interiora</strong></span> <span class='ocrx_word' id='word_1_214' title='bbox 1517 2145 1720 2206; x_wconf 89' lang='lat' dir='ltr'><strong>Indiae</strong></span> <span class='ocrx_word' id='word_1_215' title='bbox 1757 2146 2060 2225; x_wconf 87' lang='lat' dir='ltr'><strong>prooessit.</strong></span> <span class='ocrx_word' id='word_1_216' title='bbox 2108 2145 2220 2206; x_wconf 85' lang='lat' dir='ltr'><strong>Sil·</strong></span> <span class='ocrx_word' id='word_1_217' title='bbox 2241 2145 2278 2204; x_wconf 79' lang='lat'>9</span> 
     </span>
    </p>
   </div>
   <div class='ocr_carea' id='block_1_12' title="bbox 128 2231 2222 2313">
    <p class='ocr_par' dir='ltr' id='par_1_12' title="bbox 128 2231 2222 2313">
     <span class='ocr_line' id='line_1_26' title="bbox 128 2231 2222 2313; baseline -0.001 -20"><span class='ocrx_word' id='word_1_218' title='bbox 128 2249 247 2293; x_wconf 89' lang='lat' dir='ltr'><strong>vae</strong></span> <span class='ocrx_word' id='word_1_219' title='bbox 281 2243 447 2294; x_wconf 88' lang='lat' dir='ltr'><strong>erant</strong></span> <span class='ocrx_word' id='word_1_220' title='bbox 478 2251 667 2313; x_wconf 91' lang='lat' dir='ltr'><strong>prope</strong></span> <span class='ocrx_word' id='word_1_221' title='bbox 702 2233 762 2294; x_wconf 93' lang='lat' dir='ltr'><strong>in</strong></span> <span class='ocrx_word' id='word_1_222' title='bbox 795 2233 1147 2294; x_wconf 90' lang='lat' dir='ltr'><strong>immensum</strong></span> <span class='ocrx_word' id='word_1_223' title='bbox 1185 2232 1434 2312; x_wconf 86' lang='lat' dir='ltr'><strong>spatium</strong></span> <span class='ocrx_word' id='word_1_224' title='bbox 1472 2231 1715 2292; x_wconf 84' lang='lat' dir='ltr'><strong>diffusae</strong></span> <span class='ocrx_word' id='word_1_225' title='bbox 1747 2232 2127 2312; x_wconf 88' lang='lat' dir='ltr'><strong>procerisque</strong></span> <span class='ocrx_word' id='word_1_226' title='bbox 2164 2239 2222 2291; x_wconf 88' lang='lat' dir='ltr'><strong>et</strong></span> 
     </span>
    </p>
   </div>
   <div class='ocr_carea' id='block_1_13' title="bbox 124 2303 2396 2397">
    <p class='ocr_par' dir='ltr' id='par_1_13' title="bbox 124 2303 2396 2397">
     <span class='ocr_line' id='line_1_27' title="bbox 124 2303 2396 2397; baseline -0.003 -17"><span class='ocrx_word' id='word_1_227' title='bbox 124 2319 195 2380; x_wconf 89' lang='lat' dir='ltr'><strong>in</strong></span> <span class='ocrx_word' id='word_1_228' title='bbox 248 2316 514 2378; x_wconf 88' lang='lat' dir='ltr'><strong>eximiam</strong></span> <span class='ocrx_word' id='word_1_229' title='bbox 558 2318 919 2380; x_wconf 87' lang='lat' dir='ltr'><strong>altitudinem</strong></span> <span class='ocrx_word' id='word_1_230' title='bbox 969 2318 1137 2378; x_wconf 89' lang='lat' dir='ltr'><strong>editis</strong></span> <span class='ocrx_word' id='word_1_231' title='bbox 1184 2317 1496 2378; x_wconf 90' lang='lat' dir='ltr'><strong>arboribus</strong></span> <span class='ocrx_word' id='word_1_232' title='bbox 1536 2317 1868 2378; x_wconf 84' lang='lat' dir='ltr'><strong>umbrosae.</strong></span> <span class='ocrx_word' id='word_1_233' title='bbox 1947 2316 2220 2397; x_wconf 87' lang='lat' dir='ltr'><strong>Plerique</strong></span> <span class='ocrx_word' id='word_1_234' title='bbox 2244 2314 2322 2375; x_wconf 86' lang='lat'><strong>10</strong></span> <span class='ocrx_word' id='word_1_235' title='bbox 2387 2303 2396 2350; x_wconf 73' lang='lat'>³</span> 
     </span>
    </p>
   </div>
   <div class='ocr_carea' id='block_1_14' title="bbox 125 2400 2221 2567">
    <p class='ocr_par' dir='ltr' id='par_1_14' title="bbox 125 2400 2221 2567">
     <span class='ocr_line' id='line_1_28' title="bbox 125 2400 2221 2484; baseline -0.002 -18"><span class='ocrx_word' id='word_1_236' title='bbox 125 2402 303 2466; x_wconf 83' lang='lat' dir='ltr'><strong>rami</strong></span> <span class='ocrx_word' id='word_1_237' title='bbox 322 2400 507 2464; x_wconf 89' lang='lat' dir='ltr'><strong>instar</strong></span> <span class='ocrx_word' id='word_1_238' title='bbox 538 2403 861 2482; x_wconf 89' lang='lat' dir='ltr'><strong>ingentium</strong></span> <span class='ocrx_word' id='word_1_239' title='bbox 896 2403 1154 2484; x_wconf 89' lang='lat' dir='ltr'><strong>stipitum</strong></span> <span class='ocrx_word' id='word_1_240' title='bbox 1189 2403 1324 2464; x_wconf 82' lang='lat' dir='ltr'><strong>flexi</strong></span> <span class='ocrx_word' id='word_1_241' title='bbox 1361 2403 1422 2462; x_wconf 91' lang='lat' dir='ltr'><strong>in</strong></span> <span class='ocrx_word' id='word_1_242' title='bbox 1455 2403 1695 2464; x_wconf 89' lang='lat' dir='ltr'><strong>humum</strong></span> <span class='ocrx_word' id='word_1_243' title='bbox 1728 2421 1955 2476; x_wconf 83' lang='lat' dir='ltr'><strong>rursuS,</strong></span> <span class='ocrx_word' id='word_1_244' title='bbox 2002 2423 2116 2482; x_wconf 87' lang='lat' dir='ltr'><strong>qua</strong></span> <span class='ocrx_word' id='word_1_245' title='bbox 2155 2422 2221 2463; x_wconf 88' lang='lat' dir='ltr'><strong>se</strong></span> 
     </span>
     <span class='ocr_line' id='line_1_29' title="bbox 130 2487 2219 2567; baseline 0 -17"><span class='ocrx_word' id='word_1_246' title='bbox 130 2498 538 2562; x_wconf 75' lang='lat' dir='ltr'><strong>curvaverant,</strong></span> <span class='ocrx_word' id='word_1_247' title='bbox 568 2491 961 2567; x_wconf 87' lang='lat' dir='ltr'><strong>erigebantur,</strong></span> <span class='ocrx_word' id='word_1_248' title='bbox 992 2490 1140 2550; x_wconf 86' lang='lat' dir='ltr'><strong>adeo</strong></span> <span class='ocrx_word' id='word_1_249' title='bbox 1166 2497 1228 2549; x_wconf 89' lang='lat' dir='ltr'><strong>ut</strong></span> <span class='ocrx_word' id='word_1_250' title='bbox 1255 2487 1484 2566; x_wconf 89' lang='lat' dir='ltr'><strong>species</strong></span> <span class='ocrx_word' id='word_1_251' title='bbox 1514 2497 1673 2548; x_wconf 86' lang='lat' dir='ltr'><strong>esset</strong></span> <span class='ocrx_word' id='word_1_252' title='bbox 1697 2506 1818 2550; x_wconf 89' lang='lat' dir='ltr'><strong>non</strong></span> <span class='ocrx_word' id='word_1_253' title='bbox 1845 2488 1995 2548; x_wconf 88' lang='lat' dir='ltr'><strong>rami</strong></span> <span class='ocrx_word' id='word_1_254' title='bbox 2019 2507 2219 2550; x_wconf 89' lang='lat' dir='ltr'><strong>resur-</strong></span> 
     </span>
    </p>
   </div>
   <div class='ocr_carea' id='block_1_15' title="bbox 2387 2361 2396 2464">
    <p class='ocr_par' dir='ltr' id='par_1_15' title="bbox 2387 2361 2396 2464">
     <span class='ocr_line' id='line_1_30' title="bbox 2387 2361 2396 2464; baseline 0 -12"><span class='ocrx_word' id='word_1_255' title='bbox 2387 2361 2396 2464; x_wconf 70' lang='lat' dir='ltr'><strong>l</strong></span> 
     </span>
    </p>
   </div>
   <div class='ocr_carea' id='block_1_16' title="bbox 132 2547 2395 2654">
    <p class='ocr_par' dir='ltr' id='par_1_16' title="bbox 132 2547 2395 2654">
     <span class='ocr_line' id='line_1_31' title="bbox 132 2547 2395 2654; baseline -0.002 -20"><span class='ocrx_word' id='word_1_256' title='bbox 132 2574 351 2654; x_wconf 82' lang='lat' dir='ltr'><strong>gentiS,</strong></span> <span class='ocrx_word' id='word_1_257' title='bbox 380 2575 483 2636; x_wconf 90' lang='lat' dir='ltr'><strong>sed</strong></span> <span class='ocrx_word' id='word_1_258' title='bbox 512 2575 739 2636; x_wconf 85' lang='lat' dir='ltr'><strong>arboris</strong></span> <span class='ocrx_word' id='word_1_259' title='bbox 766 2595 837 2636; x_wconf 87' lang='lat' dir='ltr'><strong>ex</strong></span> <span class='ocrx_word' id='word_1_260' title='bbox 864 2595 969 2636; x_wconf 87' lang='lat' dir='ltr'><strong>sua</strong></span> <span class='ocrx_word' id='word_1_261' title='bbox 994 2575 1191 2636; x_wconf 91' lang='lat' dir='ltr'><strong>radice</strong></span> <span class='ocrx_word' id='word_1_262' title='bbox 1217 2582 1549 2654; x_wconf 84' lang='lat' dir='ltr'><strong>generatae.</strong></span> <span class='ocrx_word' id='word_1_263' title='bbox 1597 2573 1756 2635; x_wconf 88' lang='lat' dir='ltr'><strong>Coeli</strong></span> <span class='ocrx_word' id='word_1_264' title='bbox 1781 2575 2094 2654; x_wconf 87' lang='lat' dir='ltr'><strong>temperies</strong></span> <span class='ocrx_word' id='word_1_265' title='bbox 2121 2593 2219 2634; x_wconf 83' lang='lat' dir='ltr'><strong>sa·</strong></span> <span class='ocrx_word' id='word_1_266' title='bbox 2244 2567 2320 2631; x_wconf 93' lang='grc'><strong>11</strong></span> <span class='ocrx_word' id='word_1_267' title='bbox 2391 2547 2395 2590; x_wconf 55' lang='lat'>³</span> 
     </span>
    </p>
   </div>
   <div class='ocr_carea' id='block_1_17' title="bbox 130 2659 2320 2998">
    <p class='ocr_par' dir='ltr' id='par_1_17' title="bbox 130 2659 2320 2998">
     <span class='ocr_line' id='line_1_32' title="bbox 130 2659 2220 2740; baseline 0 -20"><span class='ocrx_word' id='word_1_268' title='bbox 130 2659 356 2722; x_wconf 87' lang='lat' dir='ltr'><strong>lubris:</strong></span> <span class='ocrx_word' id='word_1_269' title='bbox 399 2661 617 2740; x_wconf 86' lang='lat' dir='ltr'><strong>quippe</strong></span> <span class='ocrx_word' id='word_1_270' title='bbox 640 2670 697 2722; x_wconf 91' lang='lat' dir='ltr'><strong>et</strong></span> <span class='ocrx_word' id='word_1_271' title='bbox 718 2661 831 2722; x_wconf 92' lang='lat' dir='ltr'><strong>vim</strong></span> <span class='ocrx_word' id='word_1_272' title='bbox 857 2661 997 2724; x_wconf 90' lang='lat' dir='ltr'><strong>solis</strong></span> <span class='ocrx_word' id='word_1_273' title='bbox 1020 2661 1264 2722; x_wconf 88' lang='lat' dir='ltr'><strong>umbrae</strong></span> <span class='ocrx_word' id='word_1_274' title='bbox 1285 2661 1479 2720; x_wconf 88' lang='lat' dir='ltr'><strong>levant</strong></span> <span class='ocrx_word' id='word_1_275' title='bbox 1506 2667 1564 2721; x_wconf 89' lang='lat' dir='ltr'><strong>et</strong></span> <span class='ocrx_word' id='word_1_276' title='bbox 1589 2676 1772 2740; x_wconf 87' lang='lat' dir='ltr'><strong>aquae</strong></span> <span class='ocrx_word' id='word_1_277' title='bbox 1795 2659 1955 2738; x_wconf 87' lang='lat' dir='ltr'><strong>large</strong></span> <span class='ocrx_word' id='word_1_278' title='bbox 1981 2669 2220 2722; x_wconf 89' lang='lat' dir='ltr'><strong>manant</strong></span> 
     </span>
     <span class='ocr_line' id='line_1_33' title="bbox 136 2745 2320 2826; baseline 0.002 -20"><span class='ocrx_word' id='word_1_279' title='bbox 136 2764 171 2806; x_wconf 85' lang='lat' dir='ltr'><strong>e</strong></span> <span class='ocrx_word' id='word_1_280' title='bbox 212 2745 493 2808; x_wconf 79' lang='lat' dir='ltr'><strong>fontibus,</strong></span> <span class='ocrx_word' id='word_1_281' title='bbox 564 2747 832 2808; x_wconf 88' lang='lat' dir='ltr'><strong>Ceterum</strong></span> <span class='ocrx_word' id='word_1_282' title='bbox 875 2748 971 2808; x_wconf 86' lang='lat' dir='ltr'><strong>hle</strong></span> <span class='ocrx_word' id='word_1_283' title='bbox 1011 2765 1252 2826; x_wconf 89' lang='lat' dir='ltr'><strong>quoque</strong></span> <span class='ocrx_word' id='word_1_284' title='bbox 1289 2745 1648 2825; x_wconf 84' lang='lat' dir='ltr'><strong>serpentium</strong></span> <span class='ocrx_word' id='word_1_285' title='bbox 1691 2764 1905 2824; x_wconf 88' lang='lat' dir='ltr'><strong>magna</strong></span> <span class='ocrx_word' id='word_1_286' title='bbox 1950 2747 2035 2806; x_wconf 86' lang='lat' dir='ltr'><strong>vis</strong></span> <span class='ocrx_word' id='word_1_287' title='bbox 2076 2755 2218 2818; x_wconf 85' lang='lat' dir='ltr'><strong>erat,</strong></span> <span class='ocrx_word' id='word_1_288' title='bbox 2243 2750 2320 2811; x_wconf 77' lang='lat'><strong>12</strong></span> 
     </span>
     <span class='ocr_line' id='line_1_34' title="bbox 136 2831 2220 2910; baseline -0 -18"><span class='ocrx_word' id='word_1_289' title='bbox 136 2831 401 2908; x_wconf 87' lang='lat' dir='ltr'><strong>squamis</strong></span> <span class='ocrx_word' id='word_1_290' title='bbox 442 2832 731 2910; x_wconf 79' lang='lat' dir='ltr'><strong>fulgorem</strong></span> <span class='ocrx_word' id='word_1_291' title='bbox 774 2833 897 2894; x_wconf 88' lang='lat' dir='ltr'><strong>auri</strong></span> <span class='ocrx_word' id='word_1_292' title='bbox 935 2832 1339 2893; x_wconf 77' lang='lat' dir='ltr'><strong>reddentibus,</strong></span> <span class='ocrx_word' id='word_1_293' title='bbox 1407 2831 1578 2892; x_wconf 90' lang='lat' dir='ltr'><strong>Virus</strong></span> <span class='ocrx_word' id='word_1_294' title='bbox 1619 2831 1778 2893; x_wconf 88' lang='lat' dir='ltr'><strong>haud</strong></span> <span class='ocrx_word' id='word_1_295' title='bbox 1814 2831 1990 2894; x_wconf 89' lang='lat' dir='ltr'><strong>ullum</strong></span> <span class='ocrx_word' id='word_1_296' title='bbox 2034 2832 2220 2910; x_wconf 86' lang='lat' dir='ltr'><strong>magis</strong></span> 
     </span>
     <span class='ocr_line' id='line_1_35' title="bbox 136 2914 2222 2998; baseline 0 -23"><span class='ocrx_word' id='word_1_297' title='bbox 136 2915 380 2977; x_wconf 86' lang='lat' dir='ltr'><strong>noxium</strong></span> <span class='ocrx_word' id='word_1_298' title='bbox 410 2927 517 2992; x_wconf 89' lang='lat' dir='ltr'><strong>est,</strong></span> <span class='ocrx_word' id='word_1_299' title='bbox 560 2917 779 2998; x_wconf 89' lang='lat' dir='ltr'><strong>quippe</strong></span> <span class='ocrx_word' id='word_1_300' title='bbox 811 2936 1076 2980; x_wconf 86' lang='lat' dir='ltr'><strong>morsum</strong></span> <span class='ocrx_word' id='word_1_301' title='bbox 1108 2935 1393 2997; x_wconf 87' lang='lat' dir='ltr'><strong>praesens</strong></span> <span class='ocrx_word' id='word_1_302' title='bbox 1421 2935 1582 2977; x_wconf 89' lang='lat' dir='ltr'><strong>mors</strong></span> <span class='ocrx_word' id='word_1_303' title='bbox 1609 2917 1984 2996; x_wconf 88' lang='lat' dir='ltr'><strong>sequebatur,</strong></span> <span class='ocrx_word' id='word_1_304' title='bbox 2032 2914 2222 2979; x_wconf 88' lang='lat' dir='ltr'><strong>donec</strong></span> 
     </span>
    </p>
   </div>
   <div class='ocr_carea' id='block_1_18' title="bbox 136 2989 2393 3080">
    <p class='ocr_par' dir='ltr' id='par_1_18' title="bbox 136 2989 2393 3080">
     <span class='ocr_line' id='line_1_36' title="bbox 136 2989 2393 3080; baseline 0.002 -20"><span class='ocrx_word' id='word_1_305' title='bbox 136 3001 214 3061; x_wconf 83' lang='lat' dir='ltr'><strong>ab</strong></span> <span class='ocrx_word' id='word_1_306' title='bbox 239 3000 449 3064; x_wconf 88' lang='lat' dir='ltr'><strong>incolis</strong></span> <span class='ocrx_word' id='word_1_307' title='bbox 483 3004 811 3066; x_wconf 88' lang='lat' dir='ltr'><strong>remedium</strong></span> <span class='ocrx_word' id='word_1_308' title='bbox 837 3005 1093 3065; x_wconf 87' lang='lat' dir='ltr'><strong>oblatum</strong></span> <span class='ocrx_word' id='word_1_309' title='bbox 1124 3013 1232 3064; x_wconf 90' lang='lat' dir='ltr'><strong>est.</strong></span> <span class='ocrx_word' id='word_1_310' title='bbox 1302 3002 1450 3062; x_wconf 86' lang='lat' dir='ltr'><strong>Hinc</strong></span> <span class='ocrx_word' id='word_1_311' title='bbox 1480 3020 1587 3080; x_wconf 88' lang='lat' dir='ltr'><strong>per</strong></span> <span class='ocrx_word' id='word_1_312' title='bbox 1613 3003 1842 3065; x_wconf 89' lang='lat' dir='ltr'><strong>deserta</strong></span> <span class='ocrx_word' id='word_1_313' title='bbox 1869 3012 2106 3065; x_wconf 82' lang='lat' dir='ltr'><strong>ventum</strong></span> <span class='ocrx_word' id='word_1_314' title='bbox 2135 3010 2222 3062; x_wconf 89' lang='lat' dir='ltr'><strong>est</strong></span> <span class='ocrx_word' id='word_1_315' title='bbox 2245 3001 2322 3064; x_wconf 78' lang='lat'><strong>13</strong></span> <span class='ocrx_word' id='word_1_316' title='bbox 2391 2989 2393 3028; x_wconf 73' lang='lat'>³</span> 
     </span>
    </p>
   </div>
   <div class='ocr_carea' id='block_1_19' title="bbox 136 3086 2219 3172">
    <p class='ocr_par' dir='ltr' id='par_1_19' title="bbox 136 3086 2219 3172">
     <span class='ocr_line' id='line_1_37' title="bbox 136 3086 2219 3172; baseline -0.001 -24"><span class='ocrx_word' id='word_1_317' title='bbox 136 3086 215 3148; x_wconf 84' lang='lat' dir='ltr'><strong>ad</strong></span> <span class='ocrx_word' id='word_1_318' title='bbox 241 3087 461 3150; x_wconf 85' lang='lat' dir='ltr'><strong>flumen</strong></span> <span class='ocrx_word' id='word_1_319' title='bbox 486 3089 807 3170; x_wconf 66' lang='lat' dir='ltr'><strong>Hyarotim.</strong></span> <span class='ocrx_word' id='word_1_320' title='bbox 852 3092 1118 3152; x_wconf 87' lang='lat' dir='ltr'><strong>lunctum</strong></span> <span class='ocrx_word' id='word_1_321' title='bbox 1143 3095 1268 3148; x_wconf 89' lang='lat' dir='ltr'><strong>erat</strong></span> <span class='ocrx_word' id='word_1_322' title='bbox 1288 3087 1514 3150; x_wconf 89' lang='lat' dir='ltr'><strong>flumini</strong></span> <span class='ocrx_word' id='word_1_323' title='bbox 1535 3106 1744 3151; x_wconf 91' lang='lat' dir='ltr'><strong>nemus</strong></span> <span class='ocrx_word' id='word_1_324' title='bbox 1770 3107 2020 3172; x_wconf 88' lang='lat' dir='ltr'><strong>opacum</strong></span> <span class='ocrx_word' id='word_1_325' title='bbox 2044 3088 2219 3147; x_wconf 87' lang='lat' dir='ltr'><strong>arbo-</strong></span> 
     </span>
    </p>
   </div>
   <div class='ocr_carea' id='block_1_20' title="bbox 25 3172 2219 3255">
    <p class='ocr_par' dir='ltr' id='par_1_20' title="bbox 25 3172 2219 3255">
     <span class='ocr_line' id='line_1_38' title="bbox 25 3172 2219 3255; baseline -0.001 -21"><span class='ocrx_word' id='word_1_326' title='bbox 25 3217 27 3222; x_wconf 82' lang='lat'><em>·</em></span> <span class='ocrx_word' id='word_1_327' title='bbox 134 3172 307 3234; x_wconf 83' lang='lat' dir='ltr'><strong>ribus</strong></span> <span class='ocrx_word' id='word_1_328' title='bbox 346 3173 483 3236; x_wconf 86' lang='lat' dir='ltr'><strong>alibi</strong></span> <span class='ocrx_word' id='word_1_329' title='bbox 537 3175 825 3238; x_wconf 88' lang='lat' dir='ltr'><strong>inusitatis</strong></span> <span class='ocrx_word' id='word_1_330' title='bbox 870 3175 1307 3255; x_wconf 86' lang='lat' dir='ltr'><strong>agrestiumque</strong></span> <span class='ocrx_word' id='word_1_331' title='bbox 1353 3191 1646 3253; x_wconf 85' lang='lat' dir='ltr'><strong>pavonum</strong></span> <span class='ocrx_word' id='word_1_332' title='bbox 1689 3174 2057 3237; x_wconf 88' lang='lat' dir='ltr'><strong>multitudine</strong></span> <span class='ocrx_word' id='word_1_333' title='bbox 2101 3173 2219 3232; x_wconf 84' lang='lat' dir='ltr'><strong>fre-</strong></span> 
     </span>
    </p>
   </div>
   <div class='ocr_carea' id='block_1_21' title="bbox 137 3259 2321 3510">
    <p class='ocr_par' dir='ltr' id='par_1_21' title="bbox 137 3259 2321 3510">
     <span class='ocr_line' id='line_1_39' title="bbox 138 3259 2321 3342; baseline 0 -24"><span class='ocrx_word' id='word_1_334' title='bbox 138 3277 349 3338; x_wconf 76' lang='lat' dir='ltr'><strong>quens,</strong></span> <span class='ocrx_word' id='word_1_335' title='bbox 396 3260 613 3321; x_wconf 89' lang='lat' dir='ltr'><strong>Castris</strong></span> <span class='ocrx_word' id='word_1_336' title='bbox 630 3260 768 3320; x_wconf 89' lang='lat' dir='ltr'><strong>inde</strong></span> <span class='ocrx_word' id='word_1_337' title='bbox 790 3261 966 3322; x_wconf 88' lang='lat' dir='ltr'><strong>motis</strong></span> <span class='ocrx_word' id='word_1_338' title='bbox 991 3261 1274 3340; x_wconf 87' lang='lat' dir='ltr'><strong>oppidum</strong></span> <span class='ocrx_word' id='word_1_339' title='bbox 1300 3260 1457 3321; x_wconf 89' lang='lat' dir='ltr'><strong>haud</strong></span> <span class='ocrx_word' id='word_1_340' title='bbox 1485 3261 1689 3339; x_wconf 88' lang='lat' dir='ltr'><strong>procul</strong></span> <span class='ocrx_word' id='word_1_341' title='bbox 1715 3262 1970 3342; x_wconf 90' lang='lat' dir='ltr'><strong>positum</strong></span> <span class='ocrx_word' id='word_1_342' title='bbox 1997 3259 2216 3318; x_wconf 79' lang='lat' dir='ltr'><strong>corona</strong></span> <span class='ocrx_word' id='word_1_343' title='bbox 2244 3259 2321 3318; x_wconf 78' lang='lat'><strong>14</strong></span> 
     </span>
     <span class='ocr_line' id='line_1_40' title="bbox 137 3343 1706 3427; baseline 0.001 -21"><span class='ocrx_word' id='word_1_344' title='bbox 137 3343 297 3425; x_wconf 81' lang='lat' dir='ltr'><strong>capit</strong></span> <span class='ocrx_word' id='word_1_345' title='bbox 322 3344 747 3425; x_wconf 87' lang='lat' dir='ltr'><strong>obsidibusque</strong></span> <span class='ocrx_word' id='word_1_346' title='bbox 772 3345 1027 3427; x_wconf 86' lang='lat' dir='ltr'><strong>acceptis</strong></span> <span class='ocrx_word' id='word_1_347' title='bbox 1057 3347 1415 3426; x_wconf 90' lang='lat' dir='ltr'><strong>stipendium</strong></span> <span class='ocrx_word' id='word_1_348' title='bbox 1442 3347 1706 3427; x_wconf 88' lang='lat' dir='ltr'><strong>imponit.</strong></span> 
     </span>
     <span class='ocr_line' id='line_1_41' title="bbox 266 3427 2212 3510; baseline -0.001 -19"><span class='ocrx_word' id='word_1_349' title='bbox 266 3431 357 3492; x_wconf 80' lang='lat' dir='ltr'><strong>Ad</strong></span> <span class='ocrx_word' id='word_1_350' title='bbox 396 3449 663 3509; x_wconf 81' lang='lat' dir='ltr'><strong>magnam</strong></span> <span class='ocrx_word' id='word_1_351' title='bbox 704 3430 933 3503; x_wconf 86' lang='lat' dir='ltr'><strong>deinde,</strong></span> <span class='ocrx_word' id='word_1_352' title='bbox 978 3440 1042 3491; x_wconf 92' lang='lat' dir='ltr'><strong>ut</strong></span> <span class='ocrx_word' id='word_1_353' title='bbox 1064 3433 1123 3492; x_wconf 91' lang='lat' dir='ltr'><strong>in</strong></span> <span class='ocrx_word' id='word_1_354' title='bbox 1152 3450 1220 3491; x_wconf 90' lang='lat' dir='ltr'><strong>ea</strong></span> <span class='ocrx_word' id='word_1_355' title='bbox 1245 3431 1505 3510; x_wconf 86' lang='lat' dir='ltr'><strong>regione,</strong></span> <span class='ocrx_word' id='word_1_356' title='bbox 1549 3434 1758 3494; x_wconf 91' lang='lat' dir='ltr'><strong>urbem</strong></span> <span class='ocrx_word' id='word_1_357' title='bbox 1794 3427 2061 3506; x_wconf 82' lang='lat' dir='ltr'><strong>pervenit</strong></span> <span class='ocrx_word' id='word_1_358' title='bbox 2092 3448 2212 3489; x_wconf 89' lang='lat' dir='ltr'><strong>non</strong></span> 
     </span>
    </p>
   </div>
   <div class='ocr_carea' id='block_1_22' title="bbox 134 3501 2394 3595">
    <p class='ocr_par' dir='ltr' id='par_1_22' title="bbox 134 3501 2394 3595">
     <span class='ocr_line' id='line_1_42' title="bbox 134 3501 2394 3595; baseline -0.003 -17"><span class='ocrx_word' id='word_1_359' title='bbox 134 3533 311 3578; x_wconf 83' lang='lat' dir='ltr'><strong>muro</strong></span> <span class='ocrx_word' id='word_1_360' title='bbox 336 3517 547 3588; x_wconf 88' lang='lat' dir='ltr'><strong>solum,</strong></span> <span class='ocrx_word' id='word_1_361' title='bbox 584 3515 689 3578; x_wconf 88' lang='lat' dir='ltr'><strong>sed</strong></span> <span class='ocrx_word' id='word_1_362' title='bbox 719 3517 889 3578; x_wconf 85' lang='lat' dir='ltr'><strong>etiam</strong></span> <span class='ocrx_word' id='word_1_363' title='bbox 916 3517 1127 3595; x_wconf 89' lang='lat' dir='ltr'><strong>palude</strong></span> <span class='ocrx_word' id='word_1_364' title='bbox 1153 3517 1456 3578; x_wconf 89' lang='lat' dir='ltr'><strong>munitam.</strong></span> <span class='ocrx_word' id='word_1_365' title='bbox 1501 3517 1769 3578; x_wconf 86' lang='lat' dir='ltr'><strong>Ceterum</strong></span> <span class='ocrx_word' id='word_1_366' title='bbox 1796 3513 2030 3574; x_wconf 87' lang='lat' dir='ltr'><strong>barbari</strong></span> <span class='ocrx_word' id='word_1_367' title='bbox 2055 3517 2214 3577; x_wconf 89' lang='lat' dir='ltr'><strong>vehi-</strong></span> <span class='ocrx_word' id='word_1_368' title='bbox 2241 3513 2315 3574; x_wconf 83' lang='lat'><strong>15</strong></span> <span class='ocrx_word' id='word_1_369' title='bbox 2391 3501 2394 3510; x_wconf 70' lang='grc'><strong>’</strong></span> 
     </span>
    </p>
   </div>
   <div class='ocr_carea' id='block_1_23' title="bbox 138 3598 2212 3673">
    <p class='ocr_par' dir='ltr' id='par_1_23' title="bbox 138 3598 2212 3673">
     <span class='ocr_line' id='line_1_43' title="bbox 138 3598 2212 3673; baseline -0.001 -9"><span class='ocrx_word' id='word_1_370' title='bbox 138 3601 285 3664; x_wconf 86' lang='grc'><strong>011115</strong></span> <span class='ocrx_word' id='word_1_371' title='bbox 317 3600 471 3663; x_wconf 84' lang='grc' dir='ltr'><strong>111ιο1</strong></span> <span class='ocrx_word' id='word_1_372' title='bbox 512 3620 577 3662; x_wconf 83' lang='grc'><strong>50</strong></span> <span class='ocrx_word' id='word_1_373' title='bbox 608 3602 820 3664; x_wconf 85' lang='lat' dir='ltr'><strong>iunctis</strong></span> <span class='ocrx_word' id='word_1_374' title='bbox 845 3601 1172 3664; x_wconf 86' lang='lat' dir='ltr'><strong>dimicaturi</strong></span> <span class='ocrx_word' id='word_1_375' title='bbox 1215 3612 1631 3666; x_wconf 82' lang='lat' dir='ltr'><strong>occurrerunt:</strong></span> <span class='ocrx_word' id='word_1_376' title='bbox 1668 3599 1784 3660; x_wconf 91' lang='lat' dir='ltr'><strong>tela</strong></span> <span class='ocrx_word' id='word_1_377' title='bbox 1827 3598 1950 3662; x_wconf 90' lang='lat' dir='ltr'><strong>aliis</strong></span> <span class='ocrx_word' id='word_1_378' title='bbox 1993 3601 2212 3673; x_wconf 84' lang='lat' dir='ltr'><strong>hastae,</strong></span> 
     </span>
    </p>
   </div>
   <div class='ocr_carea' id='block_1_24' title="bbox 2389 3563 2394 3642">
    <p class='ocr_par' dir='ltr' id='par_1_24' title="bbox 2389 3563 2394 3642">
     <span class='ocr_line' id='line_1_44' title="bbox 2389 3563 2394 3642; baseline 0 0"><span class='ocrx_word' id='word_1_379' title='bbox 2389 3563 2394 3642; x_wconf 69' lang='lat' dir='ltr'><strong>l</strong></span> 
     </span>
    </p>
   </div>
  </div>
 </body>
</html>
