2417 3900
166 22 287 147 {50
624 85 721 145 DE
768 84 1025 145 GESTIS
1070 80 1500 146 ALEXANDRI
1543 76 1782 141 MAGNl

59 213 143 277 31
166 209 381 268 ferens.
426 204 581 265 Hinc
600 203 756 280 inter
780 202 1040 265 iuniores
1062 220 1370 281 senesque,
1385 206 1511 263 orta
1541 195 1838 259 contentio
1865 203 1984 269 est3
2023 201 2084 255 et
2105 212 2252 271 rex,

165 292 319 353 velut
340 290 628 373 patienter
652 289 897 365 audiret,
926 293 1057 368 quis
1083 288 1266 352 Clitus
1289 284 1596 351 obterebat
1619 283 1824 345 laudes
1850 280 1994 353 eiuS,
2021 280 2252 359 ingen·-

58 382 145 447 32
162 386 281 439 tem
302 377 445 438 iram
478 383 848 457 conceperat.
914 376 1185 437 Ceterum
1217 392 1398 453 quum
1431 370 1625 433 animo
1656 368 1952 431 videretur
1975 366 2252 447 impera-

47 524 51 537 ,
162 472 349 536 turuS,
394 461 443 523 si
468 463 645 523 finem
674 459 999 540 procaciter
1030 469 1159 523 orto
1188 455 1464 528 ,sermoni
1487 455 1664 519 Clitus
1699 454 2050 533 imponeret,
2090 452 2252 515 nihil

60 552 144 616 33
166 566 367 609 eorum
406 546 728 621 omittente,
773 546 959 625 magis
1006 545 1483 626 exasperabatur.
1549 542 1792 619 lamque
1825 539 2011 600 Clitus
2060 539 2250 599 etiam

47 704 49 709 ,
163 634 608 695 Parmenionem
646 632 961 704 defendere
994 631 1262 705 audebat,
1303 638 1364 691 et
1387 626 1644 707 Philippi
1678 626 1753 688 de
1783 624 2248 711 Atheniensibus

163 718 467 783 victoriam
496 718 831 781 Thebarum
867 717 1236 796 praeferebat
1269 714 1514 788 excidio,
1555 730 1678 775 non
1715 710 1850 773 vino
1883 710 2082 785 modo,
2135 712 2250 771 sed

63 808 146 874 34
168 804 341 865 etiam
368 804 545 865 animi
570 810 747 883 prava
776 803 1151 865 contentione
1187 810 1521 881 provectus.
1577 798 1668 861 Ad
1688 797 1973 871 ultimum,
2014 796 2077 858 Si
2109 816 2252 857 mo-

164 889 456 963 riendum,
482 888 688 967 inquit,
718 898 807 949 est
831 907 941 967 pro
964 897 1041 962 te,
1073 887 1254 950 Clitus
1277 894 1368 949 est
1391 884 1648 967 primus:
1675 890 1736 945 at
1761 901 1940 962 quum
1963 883 2250 944 victoriae

166 974 467 1037 arbitrium
500 974 643 1051 agiS,
688 974 1065 1053 praecipuum
1091 974 1289 1037 ferunt
1312 970 1659 1052 praemium,
1699 968 1797 1049 qui
1827 969 2248 1048 procacissime

66 1064 147 1126 35
165 1058 350 1141 patris
382 1058 467 1119 tui
494 1058 811 1119 memoriae
838 1059 1109 1122 illudunt.
1178 1058 1536 1137 Sogdianam
1572 1055 1878 1134 regionem
1905 1054 2048 1115 mihi
2071 1054 2238 1114 attri-

164 1145 316 1220 buis,
364 1144 581 1207 totiens
626 1144 924 1218 rebellem,
975 1152 1035 1205 et
1057 1163 1181 1207 non
1223 1145 1400 1206 modo
1425 1141 1788 1217 indomitam,
1833 1140 1940 1201 sed
1984 1158 2120 1220 quae
2155 1158 2231 1199 ne

160 1224 361 1309 'subigi
387 1230 622 1309 quidem
647 1228 854 1311 possit.
898 1228 1095 1311 Mittor¹
1112 1230 1187 1293 ad
1206 1231 1362 1291 feras
1383 1227 1625 1302 bestias,
1647 1225 1988 1307 praecipitia
2011 1224 2238 1303 ingenia

68 1316 151 1379 36
170 1316 425 1377 sortitas.
492 1316 611 1376 Sed
654 1335 801 1395 quae
838 1318 912 1377 ad
955 1335 1052 1377 me
1090 1314 1386 1397 pertinent
1421 1324 1679 1376 transeo.
1742 1312 1996 1392 Philippi
2032 1312 2244 1373 vmilites

170 1401 423 1484 spernis,
468 1402 700 1477 oblituS,
740 1401 855 1463 nisi
890 1401 989 1463 hic
1020 1400 1320 1464 Atharrias
1353 1418 1536 1462 senex
1560 1397 1822 1461 iuniores
1854 1416 2112 1476 pugnam
2145 1398 2248 1456 de-

168 1496 485 1549 trectantes
509 1498 863 1561 revocasset,
899 1488 1097 1550 adhuc
1126 1506 1238 1551 nos
1275 1486 1426 1549 circa
1456 1484 1920 1549 Halicarnassum
1959 1484 2250 1543 haesuros

70 1570 153 1635 37
169 1573 370 1635 fuisse.
442 1574 753 1645 Quomodo
789 1573 965 1651 igitur
987 1572 1184 1634 Asiam
1217 1571 1388 1634 etiam
1423 1590 1553 1634 cum
1588 1569 1714 1631 istis
1735 1568 2073 1633 ,iunioribus
2103 1570 2251 1631 sub-

169 1654 399 1721 iecisti?
452 1658 667 1719 Verum
711 1667 818 1731 est,
860 1668 925 1719 ut
952 1659 1180 1737 opinor,
1227 1658 1386 1737 quod
1413 1656 1764 1720 avunculum
1795 1664 1959 1716 tuum
1993 1654 2059 1715 in
2085 1654 2250 1716 Italia

172 1742 394 1807 dixisse
422 1750 665 1816 constat,
696 1742 890 1822 ipsum
914 1743 975 1805 in
1004 1743 1157 1803 viros
1180 1743 1478 1817 incidisse,
1505 1750 1564 1805 te
1584 1741 1648 1802 in
1673 1741 1940 1802 feminas.
2044 1803 2049 1810 ,

69 1826 176 1899 38'
294 1825 452 1887 Nihil
489 1845 561 1887 ex
602 1828 875 1888 omnibus
906 1827 1236 1889 inconsulte
1271 1847 1340 1889 ac
1366 1838 1588 1891 temere
1624 1825 1788 1889 iactis
1829 1844 2027 1905 regem
2061 1826 2250 1903 magis

169 1919 451 1986 moverat,
480 1929 654 1991 quam
673 1912 1077 1976 Parmenionis
1097 1932 1232 1977 cum
1251 1914 1478 1976 bonore
1503 1914 1722 1978 mentio
1736 1912 1922 1974 illata.
1965 1912 2248 1974 Dolorem

70 2007 151 2070 39
170 2005 371 2060 tamen
394 2015 500 2060 rex
520 1998 753 2077 pressit,
778 2005 1087 2062 contentus
1105 1999 1371 2074 iussisse,
1391 2008 1458 2062 ut
1479 2000 1742 2062 convivio
1764 1998 2092 2061 excederet.
2132 1999 2252 2058 Nec

172 2081 494 2164 quidquam
524 2083 680 2147 aliud
712 2084 939 2158 adiecit,
986 2103 1161 2166 quam
1182 2087 1430 2149 forsitan
1457 2104 1608 2160 eum,
1653 2085 1704 2146 si
1730 2085 1944 2146 diutius
1967 2086 2250 2164 loquutus
2305 2089 2313 2101 “

171 2171 341 2244 foret,
371 2170 855 2250 exprobraturum
882 2171 991 2234 sibi
1020 2171 1203 2234 fuisse
1230 2173 1406 2240 vitam
1431 2189 1466 2232 a
1494 2179 1684 2232 semet
1705 2171 1837 2250 ipso
1867 2171 2092 2232 datam:
2137 2171 2252 2230 hoc

70 2261 153 2323 40
173 2256 339 2338 enim.
372 2255 629 2336 superbe
667 2275 844 2337 saepe
882 2260 1150 2320 iactasse.
1217 2259 1406 2338 Atque
1446 2257 1610 2318 illum
1649 2265 2018 2319 cunctantem
2060 2256 2254 2316 adhuc

174 2359 435 2422 surgere,
480 2343 581 2425 qui
614 2341 867 2424 proximi
903 2343 958 2406 ei
994 2345 1333 2419 cubuerant,
1377 2343 1602 2405 iniectis
1639 2342 1908 2412 manibus
1947 2342 2248 2420 iurgantes

72 2430 154 2493 41
172 2437 600 2512 monentesque
644 2430 1006 2491 conabantur
1047 2431 1358 2492 abducere.
1427 2429 1606 2491 Clitus
1653 2446 1837 2507 quum
1875 2428 2249 2489 abstrahere-

172 2519 285 2586 tur,
330 2513 405 2575 ad
445 2513 749 2592 pristinam
791 2514 1119 2581 violentiam
1159 2514 1245 2577 ira
1283 2533 1522 2594 «quoque
1567 2513 1810 2587 adiecta,
1855 2533 1964 2576 suo
2008 2522 2252 2592 pectore

172 2603 404 2693 tergum
437 2597 589 2659 illius
616 2618 748 2661 esse
771 2601 1076 2663 defensum
1093 2647 1109 2676 ,
1154 2620 1332 2675 nunc,
1355 2609 1668 2682 postquam
1686 2599 1834 2662 tanti
1863 2599 2054 2662 meriti
2075 2618 2255 2678 prae-

171 2682 403 2764 tenerit
440 2689 694 2764 tempuS,
734 2685 907 2746 etiam
942 2686 1283 2750 memoriam
1321 2687 1573 2748 invisam
1597 2705 1730 2746 esse
1760 2687 2105 2765 proclamat.
2129 2687 2253 2745 ,Αι-

72 2764 154 2830 42
174 2765 275 2830 tali
312 2785 547 2847 quoque
581 2769 821 2831 caedem
860 2771 1183 2847 obiiciebat,
1231 2780 1288 2833 et
1324 2773 1400 2834 ad
1433 2771 1698 2834 ultimum
1723 2771 1894 2844 loviS,
1939 2789 2120 2848 quem
2147 2787 2252 2850 pa-

172 2858 325 2914 trem
351 2851 463 2914 sibi
488 2854 813 2918 Alexander
834 2866 1139 2932 assereret,
1184 2859 1481 2920 oraculum
1510 2857 1753 2918 eludens
1779 2857 2008 2918 veriora
2035 2874 2100 2916 se
2129 2854 2256 2931 regi

70 2939 154 3000 43
176 2955 355 3018 quam
378 2945 607 3018 patrem
632 2941 757 3002 eius
782 2944 1161 3022 respondisse
1188 2943 1436 3006 dicebat.
1481 2941 1604 3004 lam
1631 2951 1854 3004 tantum
1884 2941 2004 3002 irae
2035 2959 2258 3002 conce-

174 3031 342 3116 perat
370 3042 492 3100 rex,
536 3033 815 3106 quantum
843 3028 933 3090 vix
960 3030 1193 3091 sobrius
1222 3031 1376 3091 ferre
1402 3027 1710 3113 potuisset.
1767 3028 2084 3088 Enimvero
2115 3027 2255 3088 olim

70 3110 156 3170 44
175 3128 339 3172 mero
379 3110 654 3174 sensibus
686 3112 851 3175 victis
880 3133 953 3176 ex
987 3116 1137 3176 lecto
1172 3122 1420 3195 repente
1448 3113 1736 3194 prosiluit.
1805 3113 2048 3174 Attoniti
2081 3112 2259 3173 amici

176 3213 251 3258 ne
274 3193 481 3279 positis
509 3198 761 3278 quidem,
802 3201 909 3260 sed
935 3200 1184 3262 abiectis
1208 3200 1435 3280 poculis
1462 3207 1840 3276 consurgunt,
1883 3199 1946 3259 in
1975 3207 2260 3260 eventum

67 3277 157 3340 45
174 3281 277 3355 rei,
325 3301 497 3362 quam
522 3292 685 3349 tanto
712 3283 933 3364 impetu
959 3294 1193 3348 acturus
1227 3293 1402 3359 esset,
1432 3285 1662 3347 intenti.
1724 3284 2054 3346 Alexander
2079 3287 2259 3362 rapta

176 3366 378 3430 lancea
400 3389 473 3432 ex
497 3371 771 3432 manibus
794 3371 1063 3449 armigeri
1090 3371 1300 3433 Clitum
1330 3371 1522 3432 adhuc
1547 3371 1752 3430 eadem
1777 3369 2008 3447 linguae
2032 3365 2260 3431 intem-

178 3456 435 3527 perantia
460 3458 750 3520 furentem
773 3465 1079 3537 percutere
1101 3465 1344 3518 conatus
1362 3473 1397 3519 a
1415 3455 1748 3517 Ptolemaeo
1774 3454 1835 3523 et'
1853 3455 2142 3521 Perdicca
2163 3455 2258 3528 in?

86 3529 161 3580 *ἢ
177 3534 424 3636 Βίὴθᾳπ.
468 3543 727 3607 Medium
744 3540 1031 3621 complexi
1054 3548 1112 3601 et
1133 3541 1418 3603 obluctari
1436 3545 1910 3620 perseverantem
1933 3541 2260 3602 moraban-
