2417 3900
194 139 198 152 .
243 97 326 159 54
663 95 762 156 DE
807 93 1071 156 cesus
1115 93 1547 156 ALEXANDRI
1592 61 1834 156 51ch1

182 217 222 276 ὅ
239 215 512 278 Mazaeus
552 231 790 293 quoque
818 213 1152 294 conspectis
1194 213 1398 294 procul
1434 211 1900 292 exploratoribus
1936 213 1999 272 in
2022 221 2221 274 castra
2248 233 2325 274 se

235 299 481 380 recepit,
508 299 794 361 adventus
819 300 1080 362 hostium
1104 300 1375 361 nuncius,
1418 299 1601 378 Igitur
1624 301 1865 373 DareuS,
1896 297 2076 378 quiin
2097 308 2325 378 paten-

235 388 396 452 tibus
417 387 640 466 campis
667 378 986 456 decernere
1009 387 1270 466 optabat,
1312 385 1527 447 armari
1546 386 1785 448 militem
1822 385 1987 446 iubet
2010 385 2326 466 aciemque

177 483 220 546 6
239 472 524 553 disponit.
595 471 680 534 ·1n
717 473 882 535 laevo
915 491 1100 534 cornu
1123 471 1411 534 Bactriani
1437 471 1603 533 ibant
1627 473 1871 554 equiteS,
1921 471 2079 532 mille
2104 473 2324 532 admo-

237 562 401 634 dum,
451 558 650 620 Dahae
681 558 945 634 totidem,
995 566 1054 620 et
1083 557 1389 620 Arachosii
1420 558 1769 639 Susianique
1804 566 2083 638 quattuor
2111 557 2319 637 [milia]

237 645 574 727 explebant.
643 645 767 706 Hos
796 654 1032 738 centum
1054 646 1245 707 falcati
1268 663 1475 706 currus
1504 646 1926 725 sequebantur.
2000 643 2319 707 Proximus

239 731 540 814 quadrigis
581 741 706 792 erat
729 731 952 792 Bessus
989 751 1123 794 cum
1154 739 1289 793 octo
1313 729 1549 792 milibus
1586 732 1849 811 equitum
1884 731 2028 790 item
2051 731 2324 791 Bactria—

181 825 222 887 7
241 819 356 882 nis.
445 817 810 896 Massagetae
839 817 1071 880 duobus
1095 817 1331 880 milibus
1356 835 1567 896 agmen
1594 817 1718 879 eius
1746 815 2115 878 claudebant.
2203 817 2322 878 Pe-

241 905 392 968 dites
417 903 511 964 his
546 903 803 983 plurium
827 904 1089 982 gentium
1119 911 1241 966 non
1266 903 1579 978 immixtOS,
1627 903 1735 967 sed
1762 921 1905 965 suae
1932 903 2182 982 quisque
2211 921 2323 964 na-

242 990 424 1054 tionis
449 990 716 1052 iunxerat
739 989 959 1069 copiaS.
1005 991 1220 1052 Persas
1248 990 1463 1052 deinde
1490 1008 1622 1050 cum
1644 989 1864 1052 Mardis
1883 987 2327 1068 Sogdianisque

184 1077 668 1143 8Ariobarzanes
707 1084 766 1136 et
801 1075 1117 1141 Oriobates
1154 1077 1471 1138 ducebant.
1559 1075 1647 1136 Illi
1685 1075 1951 1155 partibus
1992 1073 2326 1153 copiarum,

244 1181 512 1226 summae
539 1161 786 1225 Orsines
811 1172 1101 1243 praeerat,
1125 1181 1160 1222 a
1183 1171 1414 1242 septem
1438 1161 1637 1223 Persis
1662 1161 1973 1237 oriundus,
2000 1159 2072 1220 ad
2099 1159 2321 1239 Cyrum

185 1262 224 1322 9
245 1267 485 1330 quoque
511 1247 944 1311 nobilissimum
975 1267 1176 1328 regem
1203 1249 1491 1328 originem
1520 1247 1610 1309 sui
1644 1249 1933 1310 referenS.
2016 1246 2140 1307 Hos
2168 1246 2323 1306 aliae
2399 1269 2400 1314 4

247 1343 454 1414 gentes
494 1353 573 1394 ne
615 1334 792 1396 sociis
828 1334 1066 1414 quidem
1098 1336 1239 1396 satis
1270 1343 1449 1397 notae
1486 1336 1907 1414 sequebantur.
1944 1382 1950 1388 .
1994 1333 2137 1396 Post
2174 1351 2324 1412 quas
2399 1333 2400 1336 ’

247 1421 669 1501 quinquaginta
715 1421 1028 1500 quadrigas
1071 1421 1399 1484 Phradates
1446 1439 1663 1499 magno
1700 1420 2049 1500 Caspiorum
2093 1419 2329 1496 agmine
2399 1423 2400 1454 ³

245 1507 653 1570 antecedebat.
740 1505 874 1570 Indi
909 1499 1206 1593 ceterique
1240 1503 1406 1576 rubi-i
1440 1507 1618 1568 maris
1653 1508 1906 1581 accolae,
1956 1504 2201 1568 nomina
2228 1523 2329 1564 ve-

147 1599 231 1664 10
247 1593 373 1656 rins
397 1611 574 1672 quam
601 1592 828 1667 auxilia,
872 1602 1012 1673 post
1037 1611 1247 1655 currus
1278 1601 1464 1656 erant.
1552 1593 1946 1655 Claudebatur
1976 1593 2093 1653 hoc
2114 1609 2329 1670 agmen

249 1679 378 1740 aliis
420 1679 644 1739 falcatis
689 1679 960 1741 curribus
997 1679 1421 1759 quinquaginta
1436 1727 1451 1753 ,
1500 1683 1633 1758 quis
1667 1679 2047 1760 peregrinum
2080 1677 2326 1739 militem

213 1831 217 1839 .
251 1765 620 1828 adiunxerat.
707 1763 882 1826 Hunc
915 1765 1204 1840 Armenii,
1253 1785 1405 1846 quos
1438 1765 1699 1827 minores
1739 1773 1968 1842 vocant,
2014 1763 2328 1826 Armenios

250 1849 578 1930 Babylonii,
623 1855 908 1930 utrosque
925 1847 1171 1924 Belitae,
1217 1859 1275 1912 et
1302 1851 1402 1930 qui
1426 1860 1660 1912 montes
1688 1853 2079 1914 Cossaeorum
2104 1851 2330 1911 incole-

153 1941 230 2003 11
253 1937 427 2010 bant,
477 1936 894 2016 sequebantur.
981 1938 1128 1999 Post
1165 1936 1279 1999 hos
1321 1937 1489 2001 ibant
1522 1937 1804 2013 Gortuae,
1852 1937 2046 2018 gentis
2090 1937 2330 2016 quidem

251 2022 572 2097 Euboicae,
596 2020 804 2083 Medos
830 2023 1128 2103 quondam
1159 2026 1411 2103 sequuti,
1437 2025 1542 2086 sed
1568 2025 1687 2085 iam
1712 2026 2039 2103 degeneres
2068 2032 2129 2085 et
2155 2022 2332 2103 patrii

254 2109 438 2171 moris
465 2108 674 2187 ignari.
761 2110 1136 2190 Applicuerat
1159 2110 1253 2171 his
1288 2110 1547 2190 Phrygas
1576 2120 1636 2171 et
1662 2112 1973 2173 Cataonas
2059 2110 2333 2171 Parthie-

155 2238 172 2259 ..
251 2214 467 2259 norum
485 2195 704 2257 deinde
725 2214 890 2274 genS,
914 2197 1296 2258 incolentium
1315 2206 1523 2271 terrm,
1549 2216 1693 2275 quas
1712 2216 1872 2259 nunc
1883 2195 2333 2273 ParthiScythia

255 2281 509 2362 profecti
531 2290 755 2356 tenent,
801 2278 1151 2344 claudebant
1175 2300 1407 2361 agmen.
1496 2284 1659 2344 Haec
1680 2282 1903 2345 sinistri
1931 2300 2148 2344 cornus
2173 2281 2332 2341 acies

155 2368 235 2431 12
256 2368 384 2431 ruit.
471 2367 752 2429 Dextrum
789 2369 1032 2430 tenebat
1073 2369 1235 2430 natio
1272 2369 1511 2431 maioris
1540 2370 1853 2431 Armeniae
1889 2367 2237 2447 Cadusiique
2268 2377 2331 2427 et

259 2454 641 2532 Cappadoces
675 2463 735 2515 et
759 2454 887 2533 Syri
919 2463 978 2515 et
1003 2454 1178 2515 Medi.
1266 2456 1373 2517 His
1412 2474 1649 2536 quoque
1684 2454 1873 2516 falcati
1906 2474 2111 2517 currus
2152 2452 2333 2533 quin—

158 2539 238 2604 13
257 2538 540 2619 quaginta
569 2548 784 2613 erant„
828 2539 1084 2624 ¹Summa
1113 2540 1295 2603 totius
1333 2542 1639 2615 exercituS‚
1683 2542 1909 2621 equites
1944 2539 2333 2620 quadraginta

259 2624 518 2703 quinque
543 2623 760 2701 [milia],
805 2626 1098 2703 pedestris
1124 2626 1281 2687 acies
1304 2628 1556 2689 ducenta
1580 2627 1739 2689 milia
1764 2628 2117 2708 expleverat.
2203 2624 2335 2686 Hoc

257 2710 437 2770 modo
459 2709 730 2771 instructi
759 2710 963 2771 decem
991 2711 1178 2772 stadia
1203 2715 1552 2791 procedunt,
1596 2714 1857 2792 iussique
1883 2713 2207 2775 subsistere
2236 2730 2335 2772 ar-

259 2795 401 2857 mati
423 2796 654 2855 hostem
687 2797 1122 2875 exspectabant.

162 2881 242 2943 14
389 2881 703 2944 Alexandri
727 2882 1046 2945 exercitum
1069 2900 1274 2964 pavor,
1311 2882 1472 2944 cuius
1496 2898 1701 2945 caussa
1727 2899 1850 2945 non
1874 2884 2135 2957 suberat,
2163 2883 2333 2943 inva-

263 2966 370 3027 sit:
415 2967 632 3047 quippe
663 2968 944 3047 lymphati
977 2969 1277 3051 trepidare
1313 2979 1639 3047 coeperunt
1667 2971 1931 3031 omnium
1958 2977 2201 3049 pectora
2232 2988 2334 3029 oc-

265 3052 421 3114 culto
455 3062 617 3115 metu
643 3063 1046 3131 percurrente.
1135 3052 1295 3117 Coeli
1326 3054 1516 3133 fulgor
1539 3064 1809 3135 tempore
1844 3056 2067 3117 aestivo
2104 3054 2335 3115 ardenti

271 3138 478 3201 similis
499 3139 852 3201 internitens
875 3142 1026 3221 ignis
1056 3140 1330 3231 praebuit
1351 3142 1631 3222 speciem,
1654 3144 2038 3222 flammasque
2064 3159 2133 3201 ex
2160 3138 2338 3202 Darei

269 3226 477 3287 castris
527 3225 874 3306 splendere,
931 3229 1092 3289 velut
1133 3226 1277 3289 illati
1334 3235 1555 3290 temere
1601 3228 1943 3308 praesidiiS,
1998 3227 2339 3289 credebant.

167 3306 248 3371 1⁵
271 3311 498 3385 Quodsi
527 3312 810 3393 perculsis
835 3312 1126 3388 MazaeuS,
1175 3312 1275 3393 qui
1306 3314 1681 3391 praesidebat
1704 3314 1915 3386 itineri,
1960 3313 2339 3393 supervenis-
2399 3310 2400 3349 ³

271 3407 380 3471 set,
421 3398 632 3477 ingens
673 3399 872 3461 clades
895 3400 1089 3481 accipi
1123 3398 1345 3479 potuit:
1394 3418 1573 3475 nunc,
1620 3402 1761 3462 dum
1798 3401 1895 3462 ille
1918 3399 2117 3479 segnis
2148 3400 2209 3459 in
2246 3418 2336 3469 eo,
2399 3400 2400 3409 ’

172 3480 252 3540 16
273 3502 446 3561 quem
474 3493 880 3565 occupaverat,
925 3489 1152 3549 tumulo
1182 3486 1368 3559 sedet,
1421 3496 1735 3549 contentus
1760 3506 1884 3548 non
1908 3486 2137 3558 lacessi,
2202 3486 2339 3546 Ale-

301 3570 493 3633 ·ander
513 3571 748 3651 cognito
771 3590 990 3653 pavore
1025 3573 1317 3635 exercitus
1338 3572 1594 3653 signum,
1638 3581 1703 3635 ut
1729 3570 2145 3645 consisterent,
2191 3571 2340 3645 dari,
