2417 3900
259 117 368 182 *aa
697 73 856 186 'ns'
877 116 1142 182 ersus
1193 115 1625 182 Ammoni
1672 112 1923 177 Μιιιιιι

273 255 508 303 summa
541 254 830 335 equorum
861 247 1121 318 pectora,
1165 253 1326 310 mox,
1370 234 1519 296 utin
1552 233 1813 296 medium
1848 233 2095 294 alveum
2108 242 2347 296 ventum

176 320 256 384 16
277 332 386 398 est,
411 323 669 394 cervices
699 343 931 404 quoque
957 321 1265 403 aequabat.
1352 320 1498 382 Nec
1493 339 1647 382 sane
1674 319 1821 381 ali-us
1846 319 1923 380 ad
1950 306 2197 380 orientis
2220 320 2347 398 pla-

276 429 409 489 gam
436 418 562 480 tam
591 411 892 473 violentus
909 409 1223 484 invehitur,
1270 407 1595 470 multorum
1625 405 1977 469 torrentium
2010 423 2133 466 non
2168 424 2350 486 aquas

205 540 214 554 .
271 496 485 571 solum,
523 497 632 560 sed
659 497 836 561 etiam
859 515 999 560 saxa
1022 513 1231 560 secum
1256 493 1521 562 trahens.
1604 493 1811 572 Itaque
1831 510 1867 551 a
1894 491 2205 564 celemtate,
2239 511 2347 574 qua

274 545 498 656 defluit,
548 583 738 662 Tigris
782 601 1011 649 nomen
1041 590 1135 644 est
1169 580 1438 654 inditum,
1486 579 1623 658 quia
1657 578 1902 644 Persica
1936 577 2144 656 lingua
2174 578 2348 657 tigrin

172 749 253 812 17
273 669 1033 835 saglitgziffirassleggzmrelut
1055 750 1323 814 divisus
1305 770 1369 812 ιιι
1394 769 1637 824 cornua,
1681 698 2045 814 circumdato
2072 751 2351 829 equitatu,

271 840 472 903 levatis
498 861 684 923 super
707 842 899 920 capita
923 838 1132 912 arntiS,
1169 837 1331 899 haud
1366 853 1543 916 aegre
1566 838 1639 901 ad
1676 837 1871 916 ipsum
1904 836 2135 896 alveum
2168 855 2351 916 pene-

169 931 254 994 18
272 933 410 1001 trat.
497 927 732 991 Primus
762 927 919 988 inter
943 924 1174 1004 pedites
1205 941 1315 984 rex
1336 935 1613 1001 egressus
1639 923 1701 984 in
1734 923 1924 1002 ripam
1950 922 2163 984 vadum
2196 922 2351 984 mili-

271 1011 431 1072 tibus
463 1029 662 1086 ιιι3ιιιι,
715 1011 955 1091 quando
982 1029 1094 1072 vox
1123 1008 1386 1073 exaudiri
1412 1027 1537 1074 non
1567 1017 1819 1089 poterat,
1860 1007 2137 1073 ostendit.
2226 1009 2351 1070 Sed

273 1097 526 1174 gradum
557 1087 794 1165 firmare
827 1097 922 1160 vix
961 1102 1256 1176 poterant,
1304 1114 1488 1176 quum
1520 1095 1700 1163 modo
1736 1111 1875 1160 saxa
1910 1094 2135 1156 lubrica
2170 1095 2352 1155 vesti-

173 1189 254 1250 19
275 1182 436 1260 gium
465 1181 753 1258 fallerent,
801 1184 981 1246 modo
1019 1180 1285 1262 rapidior
1322 1181 1485 1245 unda
1524 1181 1905 1245 subduceret.
1990 1178 2349 1258 Praecipuus

275 1277 404 1330 erat
427 1268 599 1334 labor
623 1287 848 1343 eorum,
897 1269 1000 1350 qui
1021 1266 1285 1330 humeris
1308 1286 1491 1329 onera
1514 1268 1860 1348 portabant:
1913 1267 2137 1364 quippe
2163 1285 2348 1344 quum
2401 1285 2402 1294 ¹

270 1364 468 1426 semet
499 1355 670 1435 ipsos
706 1374 916 1433 regere
953 1373 1080 1418 non
1113 1363 1381 1434 possent,
1422 1353 1486 1416 in
1529 1354 1772 1434 rapidos
1816 1353 2077 1432 gurgites
2121 1351 2350 1414 incom-
2401 1357 2402 1418 3

271 1441 456 1502 modo
489 1460 672 1504 onere
701 1443 1135 1518 auferebantur,
1181 1447 1243 1502 et
1276 1440 1419 1504 dum
1442 1459 1551 1502 sua
1580 1441 1831 1520 quisque
1856 1439 2045 1519 spolia
2068 1437 2353 1518 consequi
2401 1463 2402 1472 ¹

275 1527 492 1602 studet,
518 1528 712 1591 maior
733 1527 889 1591 inter
909 1529 1094 1608 ipsoS,
1121 1521 1299 1624 quam
1324 1545 1457 1589 cum
1482 1543 1677 1600 amne,
1706 1535 1833 1592 orta
1852 1525 2093 1590 luctatio
2118 1535 2229 1597 est,
2256 1543 2354 1586 cu·
2401 1565 2402 1590 ι

163 1641 172 1666 ι
273 1613 534 1692 mulique
583 1613 946 1677 sarcinarum
995 1615 1219 1692 passim
1258 1612 1561 1676 fluitantes
1601 1613 1921 1692 plerosque
1965 1611 2355 1691 perculerant.

171 1699 256 1761 20
275 1698 402 1760 Rex
425 1717 690 1773 monere,
716 1708 782 1761 ut
807 1699 950 1762 satis
978 1700 1271 1760 baberent
1292 1716 1455 1761 arma
1482 1697 1752 1772 retinere,
1780 1708 1973 1784 cetera
1996 1717 2063 1760 se
2088 1697 2354 1760 redditu-

273 1802 425 1844 rum.
515 1785 636 1847 Sed
679 1802 874 1864 neque
899 1784 1228 1854 consilium
1270 1802 1465 1870 neque
1504 1784 1819 1882 imperium
1866 1774 2053 1864 accipi
2088 1791 2355 1862 ·:poterat
2401 1845 2402 1848 ,

277 1869 665 1950 obstrepebat
695 1869 837 1932 hinc
869 1879 1080 1944 metus,
1127 1877 1365 1947 praeter
1392 1870 1553 1932 hunc
1586 1870 1835 1934 invicem
1867 1870 2201 1933 natantium
2229 1887 2355 1930 mu-

170 1953 254 2016 21
275 1963 412 2017 tuus
439 1957 681 2019 clamor.
771 1957 1056 2030 Tandem,
1085 1974 1202 2035 qua
1226 1956 1454 2018 leniore
1479 1966 1667 2022 tractu
1695 1956 1885 2022 amnis
1911 1957 2101 2036 aperit
2129 1958 2356 2027 vadum,

279 2059 594 2115 emersere,
643 2062 758 2105 nec
796 2044 1136 2141 quidquam
1153 2050 1391 2139 praeter
1416 2044 1927 2139 paucas-sarcinas
1954 2042 2357 2107 desideratum

173 2123 258 2185 22
277 2135 388 2187 est.
473 2127 670 2191 Deleri
696 2128 888 2210 potuit
914 2127 1223 2202 exercituS,
1270 2127 1323 2189 si
1349 2128 1481 2207 quis
1504 2147 1681 2190 ausus
1710 2138 1867 2191 esset
1896 2129 2209 2207 [vincet-eh
2256 2129 2359 2189 sed

177 2262 190 2281 ,
275 2220 564 2293 perpetua
597 2214 836 2279 fortuna
867 2216 1026 2295 regis
1051 2214 1261 2297 avertit
1292 2213 1433 2275 inde
1455 2215 1708 2279 hostem.
1798 2214 1897 2281 Sic
1920 2214 2243 2279 Granicum
2278 2222 2362 2276 tot

275 2298 515 2397 milibus
539 2301 805 2401 equitum
831 2298 1257 2382 peditumque
1240 2318 1303 2361 ιιι
1328 2300 1607 2364 ulteriore
1628 2300 1921 2365 stantibus
1950 2303 2079 2383 ripa
2096 2319 2363 2381 qupera

169 2405 180 2451 ῖ
274 2384 374 2458 vit,
399 2384 488 2449 sic
503 2388 770 2465 angustis
785 2388 850 2451 in
871 2388 1102 2451 Ciliciae
1123 2386 1367 2452 callibus
1386 2395 1607 2450 tantam
1627 2388 2063 2451 multitudinem
2078 2387 2363 2449 hostium.

172 2466 257 2528 23
275 2470 572 2533 Audaciae
599 2493 858 2553 quoque,
906 2486 1023 2553 qua
1046 2472 1301 2537 maxime
1324 2472 1524 2551 viguit,
1569 2474 1719 2538 ratio
1744 2474 1934 2537 minui
1956 2481 2167 2556 potest,
2221 2474 2365 2550 quia

64 2577 233 2654 [N
273 2576 584 2637 nunquam
631 2559 692 2621 in
741 2559 1062 2622 discrimen
1112 2558 1289 2633 venit,
1334 2576 1411 2621 an
1456 2567 1680 2624 temere
1722 2562 1979 2623 fecisset.
2064 2558 2364 2632 Mazaeus,

277 2643 398 2721 qui,
421 2643 473 2705 si
498 2646 946 2710 transeuntibus
973 2646 1196 2707 flumen
1218 2645 1679 2723 supervenisset,
1714 2648 1873 2711 haud
1904 2645 2084 2710 dubie
2107 2664 2364 2727 oppres-

279 2746 470 2791 surus
506 2729 632 2805 suit,
675 2729 747 2791 ιιι·
781 2732 1150 2810 compositos
1192 2729 1255 2791 in
1289 2730 1417 2811 ripa
1450 2732 1690 2795 demum
1730 2742 1792 2795 et
1832 2733 1951 2795 iam
1989 2740 2363 2811 perarmatos
2401 2728 2402 2773 3

167 2812 258 2881 24
277 2815 622 2894 adequitare
647 2818 862 2897 coepit.
933 2816 1090 2879 Mille
1115 2816 1439 2879 admodum
1464 2819 1691 2897 equites
1720 2810 2120 2899 praemiserat.
2198 2819 2365 2891 Quo-

275 2918 412 2961 rum
461 2902 753 2980 paucitate
791 2904 1124 2971 Alexander
1171 2904 1489 2998 explorata²
1540 2905 1755 2971 deinde
1800 2912 2141 2983 contempta
2176 2922 2365 3003 ‘prae-
2401 2928 2402 2945 ι

275 2986 495 3049 fectum
523 2989 826 3051 Paeonum
849 2990 1112 3077 equitum
1137 2989 1415 3052 Aristona
1440 2983 1649 3053 laxatis
1674 2991 1923 3053 habenis
1944 2988 2146 3051 invehi
2170 2990 2365 3053 iussit.
2401 3006 2402 3037 ³

175 3069 260 3139 25
283 3071 540 3151 Insignis
561 3093 633 3135 eo
663 3076 758 3137 die
780 3096 979 3157 pugna
997 3076 1257 3156 equitum
1285 3084 1344 3137 et
1361 3076 1681 3155 praecipue
1698 3076 1987 3139 Aristonis
2014 3076 2161 3139 fuit:
2187 3095 2365 3155 prae-

276 3160 492 3221 fectum
520 3161 812 3238 equitatus
844 3164 1158 3225 Persarum
1186 3164 1543 3242 Satropaten
1570 3163 1791 3225 directa
1827 3164 1889 3225 ιιι
1926 3168 2163 3242 gutture
2190 3164 2367 3225 hasta
2401 3166 2402 3215 ἲ

275 3246 569 3309 transfixit
591 3247 1040 3328 fugientemque
1056 3269 1164 3331 per
1189 3248 1419 3311 medios
1446 3250 1651 3311 hostes
1678 3258 2077 3331 consequutus
2104 3268 2183 3311 ex
2208 3267 2402 3330 equo

175 3340 190 3393 ἱ
275 3331 681 3411 praecipitavit
713 3343 770 3395 et
795 3334 1118 3400 obluctanti
1143 3344 1329 3436 ‘caput
1368 3335 1558 3413 gladio
1590 3337 1863 3418 dempsit,
1912 3336 2075 3416 quod
2106 3337 2370 3401 relatum
2400 3370 2403 3391 v

276 3436 492 3497 magna
517 3437 648 3481 cum
673 3418 846 3483 laude
873 3431 1009 3483 ante
1034 3424 1189 3501 regis
1214 3422 1400 3500 pedes
1426 3422 1644 3501 posuit.

225 3497 250 3535 ¹
287 3517 296 3526 ·
411 3505 574 3586 Cap.
599 3506 668 3569 X.
714 3506 904 3569 Biduo
929 3509 1140 3571 ibirex
1168 3508 1379 3569 stativa
1407 3508 1647 3585 habuit3
1690 3508 1750 3571 ιιι
1774 3508 2107 3587 proximum
2140 3509 2402 3581 deinde
2400 3496 2402 3547 l

379 3594 838 3673 pronunciari.
849 3596 1036 3659 iussit.
1125 3596 1244 3657 Sed
1284 3594 1477 3675 prima·
1513 3597 1635 3657 fere
1668 3595 1863 3674 vigilia
1896 3594 2032 3657 luna
2072 3590 2402 3659 deficiens
