2417 3900
601 136 745 197 Lm.
783 135 935 195 vm.
981 104 1131 214 (vl.)
1178 138 1340 197 cAP.
1381 136 1430 197 1.
1473 134 1720 199 4-30,
1867 132 1873 142 ·
2011 86 2018 105 ⁸
2075 138 2198 199 149

144 274 271 328 nes,
314 270 676 333 quamquam·
700 270 991 331 prospero
1026 259 1237 313 eventu
1262 252 1566 315 defunctus
1591 261 1716 315 erat
1739 254 2080 331 Alexander,
2113 264 2203 318 ta-

142 359 275 402 men
298 341 519 400 scivere
547 338 737 417 gentis
774 356 917 397 suae
940 355 1125 410 more,
1168 355 1246 396 ne
1269 338 1452 417 pedes
1485 348 1794 401 venaretur
1815 348 1914 401 aut
1947 333 2207 405 sinoce-

134 425 301 487 lectis
334 424 669 506 principum
702 429 877 503 atque
912 423 1253 483 amicorum.
1322 422 1434 483 lile·
1459 442 1519 483 ιν
1549 425 1785 487 milibus
1815 426 2075 488 serarum
2099 428 2206 490 dc·
2226 434 2312 494 19

132 511 300 573 iectis
327 510 387 571 in
416 511 625 569 eodem
648 508 797 568 saltu
825 526 955 569 cum
978 516 1105 569 toto
1130 506 1388 569 exercitu
1411 510 1672 587 epulatus
1697 519 1804 572 est.
1911 584 1930 594 g

265 596 413 656 lnde
436 594 783 656 Maracanda
805 594 1053 655 reditum
1083 601 1202 655 est:
1231 601 1582 673 acceptaque
1605 596 1808 657 aetatis
1833 592 2210 655 excusatione

134 683 211 743 ab
240 680 529 743 Artabazo
554 678 907 759 provinciam
934 677 1061 740 eius
1094 680 1346 741 destinat
1373 679 1542 741 Clito.
1609 680 1718 741 Hic
1741 689 1884 754 erat,
1929 679 2028 758 qui
2055 679 2212 758 apud
2230 687 2312 749 20

55 768 73 788 ‘
137 768 461 829 Granicum
478 781 708 827 amnem
727 767 887 826 nudo
908 766 1094 844 capite
1116 784 1318 843 regem
1339 766 1713 827 dimicantem
1735 766 1918 845 clipeo
1943 783 2051 826 suo
2070 763 2214 826 texit

138 862 202 914 et
228 850 543 913 Rhoesacis
570 868 807 913 manum
833 851 1004 931 capiti
1037 850 1195 929 regis
1230 850 1630 912 imminentem
1659 852 1850 931 gladio
1877 848 2210 931 amputavit,

138 946 307 998 vetus
326 938 572 1017 Philippi
591 938 756 999 miles
776 938 1082 1016 multisque
1103 936 1321 999 bellicis
1343 937 1621 1019 operibus
1643 924 1851 1000 claruS.
1887 937 2312 1011 Hellanice,·2l

140 1040 289 1102 quae
306 1024 695 1085 Alexandrum
716 1024 1084 1097 educaverat,
1104 1041 1276 1083 soror
1295 1022 1436 1097 eiuS‚
1455 1024 1613 1084 haud
1633 1042 1806 1086 secus
1826 1042 2002 1105 quam
2021 1034 2212 1084 mater

133 1127 166 1167 a
193 1126 332 1185 rege
360 1108 727 1187 diligebatur.
774 1108 865 1169 Ob
889 1109 1001 1169 has
1026 1126 1265 1169 caussas
1287 1109 1701 1169 validissimam
1723 1108 1952 1188 imperii
1979 1116 2211 1186 partem

130 1193 272 1253 fidei
298 1193 419 1254 eius
447 1196 783 1273 tutelaeque
814 1192 1125 1253 commisit.
1167 1194 1408 1271 lamque
1441 1194 1553 1253 iter
1581 1212 1789 1272 parare
1817 1194 1881 1252 in
1907 1200 2213 1272 posterum
2230 1194 2314 1255 22

128 1280 329 1339 iussus
368 1279 640 1340 sollemni
676 1287 736 1338 et
770 1277 1116 1357 tempestivo
1154 1278 1464 1337 adhibetur
1499 1278 1781 1338 convivio.
1851 1276 1920 1337 In
1958 1296 2072 1355 quo
2109 1294 2217 1337 rex

131 1382 315 1443 quum
352 1366 535 1424 multo
576 1362 917 1422 incaluisset
948 1380 1135 1433 mero,
1179 1362 1526 1421 immodicus
1563 1363 1900 1421 aestimator
1931 1362 2024 1422 sui
2059 1363 2214 1422 cele-

128 1448 327 1521 brare,
374 1466 525 1527 quae
552 1454 833 1524 gesserat,
874 1446 1085 1526 coepit,
1131 1446 1322 1522 gravis
1359 1446 1528 1506 etiam
1563 1464 1772 1507 eorum
1812 1445 2068 1521 auribus,
2113 1446 2215 1525 qui

129 1532 468 1595 sentiebant
497 1550 635 1592 vera
666 1532 1002 1593 memorari.»
1064 1530 1367 1591 Silentium
1402 1540 1597 1591 tamen
1635 1530 1892 1593 habuere
1929 1530 2314 1605 senioreS,23

132 1621 334 1681 donec
369 1616 621 1695 Philippi
667 1634 765 1677 res
801 1636 971 1679 orsus
1016 1616 1288 1677 obterere
1322 1615 1578 1677 nobilem
1616 1618 1770 1695 apud
1813 1616 2248 1677 Chaeroneam·

128 1703 441 1765 victoriam
464 1702 554 1763 sui
578 1702 773 1783 operis
791 1702 973 1763 fuisse
991 1701 1238 1777 iactavit,
1259 1701 1706 1783 ademptamque
1725 1701 1837 1763 sibi
1855 1701 2216 1781 malignitate

134 1797 199 1849 et
222 1788 438 1852 invidia
461 1788 647 1868 patris
670 1796 863 1850 tantae
884 1788 970 1850 rei
994 1788 1254 1869 gloriam.
1297 1789 1464 1850 Illum
1493 1789 1724 1869 quidem
1749 1787 2040 1849 seditione
2060 1786 2216 1849 inter
2231 1794 2316 1857 24

132 1874 495 1935 Macedones
520 1874 733 1936 milites
760 1882 817 1935 et
841 1874 1095 1937 Graecos
1115 1875 1514 1937 mercenarios
1539 1884 1666 1937 orta
1691 1874 2053 1937 debilitatum
2081 1873 2212 1935 vul-

130 1978 302 2034 nere,
346 1961 501 2040 quod
531 1961 595 2022 in
628 1979 697 2021 ea
727 1963 1203 2026 consternatione
1229 1969 1554 2043 acceperat,
1599 1963 1872 2037 iacuisse,
1910 1979 2036 2023 non
2069 1958 2213 2020 alia's

134 2051 321 2126 quam
352 2046 739 2109 simulationex
764 2049 970 2109 mortis
1003 2049 1308 2110 tutiorem:
1357 2067 1422 2108 se
1461 2067 1678 2126 corpus
1721 2048 1846 2109 eius
1883 2043 2212 2124 protexisse

130 2133 325 2211 clipeo
352 2151 483 2205 suo,
509 2142 865 2210 ruentesque
892 2132 951 2194 in
977 2133 1138 2194 illum
1168 2151 1275 2192 sua
1299 2150 1476 2194 manu
1503 2132 1748 2192 occisos.
1795 2131 1960 2200 Quae
1985 2137 2214 2206 patrem
2231 2131 2316 2194 25

128 2235 439 2296 nunquam
472 2233 661 2295 aequo
689 2217 885 2276 animo
914 2236 1046 2277 esse
1074 2214 1433 2287 confessum,
1477 2215 1716 2276 invitum
1752 2213 1870 2272 filio
1898 2211 2216 2271 debentem

129 2303 387 2364 salutem
412 2318 599 2362 suam.
631 2301 857 2380 -ltaque
878 2310 1013 2379 post
1040 2297 1489 2378 expeditionem,
1535 2315 1707 2376 quam
1733 2296 1860 2356 sine
1886 2314 1954 2356 eo
1984 2293 2220 2355 fecisset

130 2391 271 2468 ipse
306 2387 367 2447 in
405 2385 648 2466 illyrios,
694 2385 972 2446 victorem
1008 2383 1318 2463 scripsisse
1345 2401 1412 2444 se
1449 2382 1618 2462 patri,
1668 2383 1832 2443 fusos
1869 2381 2220 2458 fugatosque

129 2477 364 2545 hosteS‚
394 2489 505 2532 nec
522 2470 759 2532 affuisse
782 2489 1034 2549 unquam
1061 2469 1416 2548 Philippum.
1459 2467 1656 2528 Laude
1679 2467 1888 2544 dignos
1915 2483 2066 2541 esse,
2091 2481 2216 2528 non
2234 2470 2328 2533 26

137 2559 244 2638 qui
280 2558 729 2621 Samothracum
776 2556 939 2618 initia
978 2556 1254 2627 viserent,
1301 2568 1482 2632 quum
1517 2553 1713 2614 Asiam
1754 2552 1846 2613 uri
1888 2549 2228 2634 vastarique

137 2651 463 2726 oporteret,
490 2645 597 2706 sed
621 2663 741 2717 eoS,
768 2642 866 2722 qui
892 2639 1290 2720 magnitudine
1313 2657 1512 2701 rerum
1535 2641 1714 2700 fidem
1737 2639 2214 2718 antecessissent.

273 2731 441 2792 Haec·
459 2738 517 2791 et
542 2729 633 2791 his
658 2728 867 2791 similia
890 2727 1023 2788 laeti
1049 2725 1288 2798 audiere
1315 2725 1584 2802 iuvenes3
1623 2724 1856 2803 ingrata
1879 2726 2212 2788 senioribus
2229 2723 2317 2786 27

142 2825 333 2890 erant,
376 2817 625 2877 maxime
663 2824 904 2896 propter
939 2812 1299 2892 Philippum,
1345 2811 1457 2872 sub
1499 2829 1616 2891 quo
1660 2811 1874 2872 diutius
1893 2883 1899 2891 ,ι
1918 2811 2211 2876 vixerant:

146 2920 329 2980 quum
349 2902 547 2976 Clitus,
566 2920 642 2962 ne
660 2900 785 2980 ipse
804 2900 1040 2979 quidem
1060 2898 1201 2960 satis
1222 2897 1473 2972 sobriuS,
1498 2897 1573 2958 ad
1593 2914 1714 2969 eos,
1736 2897 2000 2978 quiinsra
2015 2898 2315 2980 ipsum‘28

146 2987 458 3061 cubabant,
483 3005 802 3058 conversus,
814 2985 1109 3065 Euripidis
1132 2984 1350 3046 rettulit
1367 3001 1620 3055 carmen,
1645 2983 1724 3045 ita
1741 2991 1805 3046 ut
1824 3004 2006 3048 sonus
2023 2982 2210 3060 magis

148 3089 327 3152 quam
350 3089 543 3133 sermo
567 3071 821 3132 exaudiri
846 3080 1051 3151 posset
1074 3089 1106 3132 a
1128 3088 1283 3150 rege,
1326 3073 1442 3149 quo
1468 3069 1918 3149 significabatur,
1943 3071 2096 3134 male
2117 3069 2210 3126 in·
2225 3067 2308 3130 29

146 3157 413 3219 stituisse
433 3156 708 3229 GraecoS,
736 3159 891 3235 quod
914 3157 1169 3237 tropaeis
1192 3167 1398 3235 regum
1419 3157 1719 3219 dumtaxat
1741 3158 1980 3220 nomina
2001 3147 2210 3219 inscri-

144 3243 383 3304 berent:
431 3241 623 3303 alieno
648 3242 802 3302 enim
828 3243 1109 3321 sanguine
1127 3251 1362 3325 partam
1389 3243 1630 3322 gloriam
1655 3243 1938 3322 intercipi.
2008 3239 2209 3312 Itaque

142 3347 271 3400 rex,
300 3345 481 3406 quum
504 3326 896 3406 suspicaretur
915 3328 1222 3405 malignius
1247 3329 1509 3392 habitum
1537 3349 1669 3392 esse
1695 3339 2045 3392 sermonem,
2071 3335 2209 3396 per·

148 3413 377 3474 contari
406 3413 705 3491 proximos
727 3412 935 3489 coepit,
973 3412 1111 3491 quid
1139 3430 1208 3472 ex
1235 3413 1382 3476 Clito
1408 3417 1726 3477 audissent.
1790 3411 1864 3468 Et
1886 3405 2000 3464 illis
2024 3401 2097 3462 ad
2129 3401 2210 3460 si·
2227 3399 2309 3463 30

146 3498 398 3561 lentium
420 3497 727 3558 obstinatis
750 3497 928 3557 Clitus
948 3497 1244 3574 paullatim
1266 3498 1485 3559 maiore
1505 3503 1649 3559 voce'
1667 3487 1915 3568 Philippi
1937 3495 2064 3548 acta
2082 3483 2211 3547 bel-

146 3585 325 3665 laque
350 3585 413 3645 in
442 3581 683 3644 Graecia
718 3587 881 3662 gesta
907 3589 1343 3658 commemorat,
1385 3582 1578 3643 omnia
1609 3571 2016 3658 praesentibus
2037 3591 2214 3653 prae-
