2417 3900
516 101 1336 183 L13.1.x„(vu.)cA1>.x.
1387 109 1634 192 1-,1⁷·
1748 62 1758 69 ⁵
1999 112 2128 175 eoa
2239 174 2278 191 „

61 232 162 285 est.
208 225 421 299 Quinto
446 226 585 287 binc
608 226 703 285 die
731 225 885 287 venit
908 226 982 285 ad
1008 226 1259 288 flumen:
1283 227 1536 289 Arabum
1559 227 1788 289 incolae
1811 232 2124 307 appellant.
2145 241 2187 301 6

59 312 229 389 Regio
254 313 487 373 deserta
507 320 567 371 et
586 328 871 389 aquarum
892 311 1067 389 inops
1093 311 1323 390 excipit,
1348 332 1525 390 quam
1551 331 1826 379 emensus
1848 316 1908 375 in
1930 314 2125 381 Oritas
2198 348 2206 353 ·

58 398 272 459 transit.
341 398 430 458 lbi
474 396 757 457 maiorem
803 396 1087 457 exercitus
1132 406 1360 475 partem
1407 398 1830 477 Hephaestioni
1870 402 2127 477 tradidit,

54 482 228 543 levem
246 490 599 543 armaturam
621 499 753 545 cum
771 481 1109 543 Ptolemaeo
1128 483 1552 561 Leonnatoque
1569 484 1818 562 partitus
1841 495 1949 547 est.
1995 488 2127 549 Tria
2148 492 2189 552 7

50 569 217 637 simul
259 568 491 647 agmina
532 567 971 646 populabantur
1010 566 1211 642 indos,
1256 585 1622 647 magnaeque
1665 572 1920 649 praedae
1962 580 2129 637 actae

50 663 207 715 sunt:
250 652 575 717 maritimos
594 653 995 737 Ptolemaeus,
1038 662 1270 717 ceteros
1301 654 1436 733 ipso
1465 673 1572 716 rex
1609 663 1668 715 et
1701 656 1776 717 ab
1813 657 1924 717 alia
1959 667 2132 738 parte

50 738 387 801 Leonnatus
410 722 678 801 urebant.
722 739 789 801 In
820 738 929 799 hac
954 756 1191 819 quoque
1210 740 1456 818 regione
1481 740 1690 801 urbem
1720 743 1998 817 condidit,
2023 744 2130 805 de·-

31 824 319 902 -ductique
344 824 568 885 suntin
595 842 723 885 eam
748 824 1071 887 Arachosii.

48 950 55 957 -
170 910 323 971 Hinc
348 908 713 989 pervenitad
741 910 1067 971 maritimos
1093 908 1300 971 Indos.
1341 908 1645 971 Desertam
1669 921 2006 991 vastamque
2029 932 2124 977 re-
2144 922 2186 984 8

47 995 279 1072 gionem
316 996 431 1057 late
458 1003 675 1070 tenent,
722 1014 795 1057 ac
826 1015 905 1059 ne
932 1015 1061 1058 cum
1086 992 1348 1057 finitimis
1375 994 1612 1093 quidem
1649 997 1762 1059 ullo
1787 1000 2124 1061 commercii

46 1080 168 1141 iure
202 1080 540 1145 miscentur.
608 1081 747 1161 Ipsa
790 1082 1045 1143 solitudo
1083 1083 1294 1143 natura
1329 1098 1564 1161 quoque
1589 1082 1832 1145 immitia
1867 1084 2182 1152 efferavit9

50 1165 305 1244 ingenia:
344 1167 685 1246 prominent
714 1186 945 1247 ungues
976 1184 1281 1244 nunquam
1307 1165 1510 1240 recisi,
1553 1185 1754 1229 comae
1781 1168 2044 1232 hirsutae
2069 1179 2128 1230 et
2165 1179 2186 1200 ‘

46 1250 309 1313 intonsae
334 1262 493 1313 sunt.
538 1252 797 1331 Tuguria
818 1252 1061 1313 conchis
1084 1261 1143 1313 et
1166 1251 1377 1313 ceteris
1401 1253 1802 1331 purgamentis
1827 1254 2006 1315 maris
2031 1254 2123 1315 in·
2148 1261 2228 1323 10

40 1344 292 1401 struunt.
336 1336 619 1399 Ferarum
643 1337 889 1419 pellibus
908 1338 1063 1410 tecti,
1088 1336 1350 1416 piscibus
1369 1338 1738 1399 sole-duratis
1761 1348 1816 1399 et
1833 1339 2124 1401 maiorum

47 1438 273 1502 quoque
319 1424 643 1497 beluarum,
686 1441 833 1501 quas
872 1424 1083 1485 fluctus
1127 1420 1298 1495 eiicit,
1348 1440 1522 1485 carne
1566 1433 1900 1485 vescuntur.
1969 1424 2122 1487 Con·-
2148 1432 2224 1493 11

31 1509 293 1587 sumptis
330 1509 511 1587 igitur
536 1508 823 1571 alimentis
848 1508 1203 1569 Macedones
1241 1507 1434 1587 primo
1469 1508 1750 1587 inopiam,
1795 1510 2011 1571 deinde
2045 1510 2124 1571 ad

42 1592 307 1655 ultimum
341 1596 559 1655 famem
586 1592 805 1655 sentire
840 1602 1182 1673 coeperunt,
1225 1593 1456 1655 radices
1485 1595 1828 1673 palmarum,
1869 1608 2128 1675 namque

42 1679 160 1740 sola
190 1697 261 1739 ea
280 1679 465 1739 arbor
480 1678 751 1757 gignitur,
778 1678 999 1758 ubique
1018 1678 1320 1741 rimantes.
1368 1680 1486 1739 Sed
1515 1698 1696 1759 quum
1716 1681 1864 1741 haec
1888 1698 2121 1761 quoque
2145 1683 2222 1744 12

31 1763 311 1825 alimenta
338 1764 689 1839 defecerant,
720 1764 979 1827 iumenta
1012 1766 1256 1827 caedere
1281 1765 1546 1843 aggressi
1571 1771 1650 1826 n‘e
1677 1766 1846 1846 equis
1887 1766 2122 1849 quidem
2189 1824 2196 1831 .

34 1848 439 1925 ιιιειιιιοιιιιιιις
484 1859 543 1911 et
564 1870 743 1931 quum
768 1850 1065 1923 deessent,
1112 1868 1260 1929 quae
1289 1850 1549 1911 sarcinas
1577 1852 1901 1925 veherent,
1930 1852 2117 1932 spolia

31 1932 107 1994 de
131 1934 421 2010 hostibus,
449 1944 691 2017 propter
707 1953 859 2016 qnae
878 1936 1077 2000 ultima
1097 1935 1340 1998 orientis
1387 1943 1860 2016 peragraverant,
1885 1957 2116 2002 crema-
2140 1939 2218 2002 13

38 2017 171 2081 bant
193 1984 487 2084 incendi-o.
552 2021 791 2086 Famem
828 2022 1041 2084 deinde
1081 2022 1411 2102 pestilentia
1447 2033 1695 2101 sequuta
1734 2032 1852 2086 est.
1899 2025 2117 2104 quippe

39 2103 415 2169 insalubrium
454 2107 717 2173 ciborum
750 2107 889 2170 novi
916 2107 1094 2181 succi,
1140 2108 1216 2168 ad
1251 2108 1367 2168 hoc
1391 2107 1618 2171 itineris
1643 2109 1810 2170 labor
1836 2119 1894 2172 et
1927 2110 2118 2189 aegri·-

40 2192 173 2252 tudo
214 2193 392 2254 animi
426 2193 800 2272 vulgaverant
832 2193 1093 2266 morbos,
1138 2199 1195 2254 et
1229 2209 1342 2254 nec
1375 2211 1616 2255 manere
1655 2194 1784 2256 sine
1812 2194 1975 2258 clade
2005 2213 2119 2258 nec

42 2279 309 2356 progredi
354 2286 657 2358 poterant.
699 2287 1009 2342 manentes
1048 2279 1264 2352 fames,
1304 2295 1658 2356 progressos
1699 2279 1892 2342 acrior
1931 2279 2115 2358 pesti-

46 2359 206 2423 lentia
226 2365 499 2442 urgebat.
545 2365 699 2443 Ergo
722 2365 889 2427 strati
913 2373 1077 2426 erant
1102 2362 1296 2442 campi
1315 2381 1504 2442 paene
1523 2363 1792 2443 pluribus
1819 2363 2112 2430 semivivis
2137 2369 2216 2431 14

46 2463 204 2524 quam
248 2450 649 2512 cadaveribus
716 2453 799 2512 Ac
830 2467 907 2510 ne
942 2449 1127 2512 levius
1160 2449 1398 2530 quidem
1427 2449 1588 2527 aegri
1613 2449 1782 2528 sequi
1805 2459 2113 2528 poterant:

44 2533 249 2612 quippe
276 2535 483 2612 agmen
509 2536 719 2615 raptim
748 2536 1045 2613 agebatur,
1082 2543 1306 2598 tantum
1335 2533 1582 2613 singulis
1611 2535 1688 2596 ad
1713 2553 1882 2614 spem
1909 2536 2112 2605 salutis

40 2615 193 2694 ipsos
220 2621 507 2699 proficere
532 2621 929 2694 creden-tibuS,
968 2630 1246 2702 quantum
1274 2618 1496 2682 itineris
1521 2621 1856 2684 festinando
1881 2623 2111 2702 praeci·

31 2714 257 2778 pereat.
300 2705 481 2784 Igitur
504 2706 603 2786 qui
634 2706 985 2780 defecerant,
1012 2716 1185 2768 notos
1211 2705 1586 2786 ignotosque,
1615 2716 1680 2771 ut
1703 2707 2109 2783 allevarentur,
2133 2711 2213 2773 15

42 2789 293 2852 orabant.
338 2793 459 2854 Sed
483 2811 596 2856 nec
616 2792 877 2857 iumenta
897 2801 1083 2866 erant,
1108 2792 1322 2871 quibus
1345 2792 1532 2872 excipi
1557 2801 1822 2872 possent,
1857 2801 1918 2854 et
1939 2794 2109 2856 miles

40 2872 124 2932 vix
141 2892 299 2938 ama
320 2878 609 2957 portabat,
633 2878 1107 2958 imminentisque
1134 2887 1191 2940 et
1210 2877 1358 2957 ipsis
1379 2878 1558 2940 facies
1582 2878 1718 2943 mali
1742 2887 1877 2943 ante
1896 2881 2110 2944 oculos

40 2967 172 3021 erat
231 2962 385 3042 Ergo
418 2964 655 3044 saepius
678 2963 937 3028 revocati
964 2982 1042 3026 ne
1072 2963 1370 3044 respicere
1399 2965 1640 3042 quidem
1679 2983 1822 3028 suos
1849 2964 2108 3030 sustine-

36 3039 185 3119 hant,
230 3049 629 3112 misericordia
664 3050 729 3114 ιιι
752 3049 1125 3124 formidinem
1160 3053 1352 3112 versa.
1417 3049 1506 3112 lui
1529 3049 1718 3116 relicti
1751 3049 1898 3114 deos
1923 3058 2106 3113 testes
2129 3047 2210 3110 lo

38 3145 195 3192 sacra
222 3136 557 3198 communia
588 3137 862 3217 regisque
896 3135 1294 3216 implorabant
1319 3153 1514 3214 opem,
1561 3153 1858 3216 quumque
1890 3135 2106 3198 frustra

38 3217 237 3280 surdas
260 3238 431 3284 aures
457 3222 783 3300 fatigarent,
822 3223 887 3284 in
906 3221 1131 3286 rabiem
1155 3220 1568 3300 desperatione
1590 3223 1744 3284 versi
1768 3235 1968 3300 parem
1991 3236 2104 3280 suo

38 3302 245 3366 exitum
270 3307 649 3387 similesque
630 3308 778 3386 ipsis
800 3308 1020 3370 amicos
1043 3314 1107 3368 et
1132 3307 1584 3370 contubernales
1607 3304 2022 3388 precabantur·

154 3389 295 3465 Rex,
318 3392 523 3456 dolore
540 3393 713 3456 simul
734 3401 793 3454 et
809 3393 1037 3471 pudore
1059 3392 1286 3464 anxius,
1313 3394 1450 3472 quia
1467 3409 1679 3456 caussa
1701 3395 1897 3452 tantae
1921 3387 2104 3452 cladis
2123 3386 2204 3450 17

38 3465 153 3546 ipse
183 3489 361 3551 esset,
402 3480 477 3540 ad
500 3478 985 3558 Phrataphernen
1002 3477 1452 3541 Parthienen-um
1481 3485 1758 3552 satrapen
1785 3471 1957 3546 misit,
2003 3475 2104 3552 qui

36 3551 253 3623 iuberet
286 3564 521 3626 camena
556 3571 721 3628 cocta
758 3563 975 3626 cibaria
998 3563 1238 3625 afferre:
1285 3561 1432 3624 alios
1465 3573 1700 3638 quoque
1723 3553 2105 3620 finitimarum
