2417 3900
530 121 688 186 Lm.
727 121 824 186 Π.
867 120 998 202 (ιι)
1069 121 1229 184 ω.
1272 121 1375 186 111.
1450 119 1701 184 1--u.
2078 119 2167 185 aa

73 240 314 322 ‘pitibus
353 239 634 320 saxisque
668 240 1036 324 lacerabant,
1085 242 1295 303 denec‘
1312 241 1595 304 debilitati
1634 243 1879 322 impune
1910 241 2165 322 navigiis

67 385 79 392 .
103 324 280 406 excipi
301 334 572 406 possent.
614 327 743 390 Nec
763 327 1046 390 incendio
1061 327 1255 390 solum
1272 345 1451 408 opera
1472 337 1847 408 consumpta,
1877 330 1985 390 sed
2010 331 2163 391 l'orte
2182 324 2225 386 6

102 415 304 476 eodem
347 412 444 474 die
477 412 888 478 vehementior
911 420 1126 486 ventus
1155 421 1344 476 totum
1366 415 1775 496 ‹ex-profundo
1806 433 1971 476 mare
2002 415 2169 476 illisit

95 499 154 560 in
177 499 426 574 molem,
467 498 814 577 crebrisque
849 499 1124 563 fluetibus
1147 517 1469 581 compages·
1500 502 1699 582 operis
1724 502 2069 562 verberatae
2097 519 2168 561 se

95 585 360 646 laxavere
375 633 390 659 ‚
430 603 692 664 saxaque
727 584 1082 652 interfluens
1097 587 1261 648 unda
1285 589 1546 650 medium
1580 607 1729 669 opus
1751 588 1931 668 rupit.
2018 587 2169 648 Pro-
2188 589 2231 654 7

94 672 253 761 rutis¹
267 671 449 750 igitur
480 670 746 751 lapidum
769 672 1046 748 mulis,
1083 672 1301 754 quibus
1327 674 1545 736 iniecta
1568 683 1723 736 terra
1750 673 2173 748 sustinebatur,
2210 740 2217 746 ,

91 775 386 837 praeceps
416 755 482 817 in
516 757 877 836 profundum
905 759 1053 833 ruit,
1093 765 1415 840 tantaeque
1446 761 1621 823 molis
1654 759 1747 821 vix
1782 761 1899 822 ulla
1925 758 2175 838 vestigia

94 841 324 904 invenit
347 843 560 909 Arabia
583 843 820 907 rediens
843 845 1192 908 Alexander.
1502 879 1505 884 ·

225 927 353 1003 Hic,
383 931 540 1008 quod
563 930 626 994 in
643 927 908 994 adversis
925 932 1108 994 rebus
1125 933 1281 995 solet
1296 931 1446 1006 fieri,
1474 931 1621 992 alius
1642 930 1705 992 in
1734 930 1911 992 alium
1932 929 2173 1012 culpam

91 1014 444 1090 referebant,
475 1033 656 1096 quum
682 1033 896 1081 omnes
917 1017 1116 1080 verius
1141 1019 1219 1080 de
1240 1017 1481 1080 saevitia
1500 1017 1681 1080 maris
1706 1017 1875 1100 queri
1901 1023 2175 1098 possent.

92 1101 219 1162 Rex
243 1101 382 1162 nevi
407 1102 608 1186 operis
633 1104 854 1168 melem
879 1123 1054 1166 orsus
1086 1104 1150 1166 in
1165 1105 1496 1167 adversum
1517 1112 1761 1166 ventum
1804 1121 1931 1164 nou
1970 1103 2173 1174 latere,
2193 1088 2238 1167 8

93 1187 204 1248 sed.
222 1195 384 1251 recta
416 1190 616 1268 stante
641 1189 878 1265 direxit,
923 1191 1084 1270 quod
1121 1198 1317 1254 cetera
1350 1207 1564 1270 opera,
1609 1191 1771 1251 velut
1792 1188 1907 1250 sub
1932 1187 2065 1266 ipsa
2088 1187 2179 1247 la-

92 1272 293 1348 tentia,
319 1274 633 1350 tuebatur3
667 1275 1036 1338 latitud-inem
1063 1295 1301 1356 queque
1326 1275 1527 1354 aggeri
1548 1273 1781 1346 adiecit,
1802 1280 1871 1334 ut
1890 1280 2091 1333 turres
2112 1271 2179 1334 in

93 1360 294 1421 medio
323 1359 617 1421 excitatae
635 1361 846 1438 procul
870 1361 972 1422 teli
993 1361 1150 1422 iactu
1167 1363 1469 1422 abessent.
1513 1361 1697 1444 Totas
1714 1366 1912 1422 autem
1930 1358 2177 1419 arbores
2196 1359 2237 1420 9

93 1463 226 1508 cum
258 1445 610 1525 ingentibus
633 1445 816 1508 ramis
846 1445 910 1507 in
943 1447 1125 1507 altum
1152 1446 1445 1510 iaciebant
1462 1492 1477 1519 ,
1531 1445 1749 1506 deinde
1780 1443 1937 1506 saxis
1964 1459 2179 1506 enera-
2220 1472 2225 1481 ·

90 1532 261 1604 bant,
281 1549 498 1606 rursus
516 1530 750 1592 cumulo
777 1549 982 1594 eurum
1011 1531 1152 1592 alias
1172 1531 1419 1592 arbores
1442 1530 1797 1604 inficiebant,
1821 1537 1949 1590 tum
1968 1530 2183 1590 humus

89 1615 521 1696 aggerebatur,
566 1633 870 1696 superque
903 1617 1018 1680 alia
1047 1627 1211 1681 strue
1238 1635 1516 1680 saxorum
1544 1617 1941 1696 arborumque
1974 1631 2186 1678 cumu-

89 1701 214 1764 lata
240 1701 404 1764 velut
429 1701 686 1782 quodam
715 1722 871 1766 nexu
898 1704 1213 1767 continens
1248 1723 1403 1784 opus
1439 1703 1771 1766 iunxerant.
1860 1702 1986 1763 Nec·
2006 1699 2181 1784 Tyrii,

91 1785 390 1868 quidquid
417 1788 492 1850 ad
525 1787 966 1868 impediendam
997 1791 1218 1854 molem
1258 1789 1574 1870 excogitari
1611 1797 1872 1870 peterat,
1919 1789 2184 1868 segniter

90 1874 598 1953 exsequebantur.
641 1876 1032 1959 Praecipuum
1057 1876 1337 1940 auxilium
1364 1884 1515 1953 erat,
1562 1876 1670 1957 qui
1688 1875 2182 1963 procullhostium
2205 1874 2289 1938 1⁰

92 1969 428 2043 conspectu
463 1962 746 2025 subibant
780 1982 994 2043 aquam
1031 1966 1385 2045 occultoque
1418 1965 1589 2045 lapsu
1624 1965 1699 2025 ad
1739 1964 1965 2025 molem
1988 1978 2185 2041 usque

91 2048 493 2126 penetrabant
532 2048 778 2111 falcibus
815 2051 1086 2131 palmites
1129 2051 1413 2113 arborum
1448 2050 1837 2112 eminentium·
1856 2050 1933 2110 ad
1972 2066 2039 2109 se
2062 2055 2187 2108 tra-
2232 2126 2237 2133 .

91 2134 330 2207 henteS‚
356 2151 508 2212 quae
531 2134 634 2196 ubi
659 2145 944 2215 sequutae
972 2145 1163 2210 erant,
1189 2139 1474 2216 pleraque
1502 2151 1709 2197 secum
1729 2135 1791 2195 in
1818 2134 2187 2213 profundum

93 2221 354 2293 dabant3
401 2227 528 2280 tum
556 2220 783 2281 levatos
823 2240 1008 2286 onere
1031 2222 1267 2301 stipites.
1306 2231 1671 2302 truncosque
1709 2220 1994 2282 arborum
2023 2219 2188 2284 haud

93 2324 277 2385 aegre
303 2304 736 2380 moliebantur-3
787 2306 1004 2368 deinde
1032 2305 1225 2369 totum
1252 2326 1436 2386 opuS,
1488 2307 1649 2385 quod
1678 2304 1975 2385 stipitibus
1998 2306 2190 2367 fuerat

93 2393 391 2465 innixum,
436 2392 824 2455 fundamento
852 2394 1021 2473 lapso
1046 2393 1427 2471 sequebatur.
1511 2392 1706 2469 Aegro
1732 2391 1910 2454 animi
1933 2391 2190 2453 Alexan-
2208 2394 2289 2455 11

99 2480 237 2553 dro,
286 2496 404 2543 nee
437 2485 852 2557 perseveraret
881 2498 956 2541 an
992 2480 1182 2541 abiret
1202 2479 1345 2540 satis
1384 2486 1545 2539 certo
1562 2525 1577 2550 ,
1631 2478 1835 2541 classis
1866 2480 2192 2559 Cypro-ad-

99 2565 304 2638 venit;
346 2564 678 2643 eodemque
718 2572 988 2646 tempore
1031 2566 1323 2629 Cleander
1356 2582 1492 2629 eum
1526 2563 1767 2628 Graecis
1804 2565 2088 2628 militibus
2128 2566 2191 2627 in

97 2652 305 2712 Asiam
329 2667 523 2729 nuper
547 2652 846 2721 advectus.
937 2654 1186 2715 Centum
1226 2661 1285 2715 et
1326 2652 1649 2731 nonaginta
1672 2652 1909 2715 navi-um
1940 2654 2193 2715 classem

98 2736 158 2797 in
182 2738 313 2799 duo
343 2735 550 2797 dividit
575 2756 824 2801 cornua:
864 2739 1098 2803 laevum
1123 2742 1639 2820 Pnytagbraffirex
1664 2738 2027 2819 Cypriorum,
2054 2756 2190 2799 cum

103 2824 356 2885 Cratero
397 2822 698 2900 tuebatur,
744 2825 1142 2887 Alexandrum
1181 2826 1248 2887 in
1290 2828 1497 2889 dextro
1540 2826 1987 2905 quinqueremis
2028 2824 2188 2905 regia
2242 2862 2247 2866 -

101 2909 386 2971 vehebat.
471 2909 596 2971 Nec
620 2910 795 2992 Tyrii,
823 2928 1182 2993 quamquam
1205 2912 1453 2975 classem
1480 2912 1802 2986 habebant,
1824 2912 1952 2975 ausi
1980 2912 2187 2990 navale
2211 2918 2292 2981 12

101 2995 262 3057 inire
311 3002 636 3071 certamen,
687 3000 795 3061 tris.
827 2998 1074 3063 omnino
1115 3008 1250 3061 ante
1289 2999 1423 3078 ipsa
1462 2998 1700 3061 moenia
1740 3006 2188 3080 opposuerunt:

104 3081 330 3163 quibus
357 3100 460 3143 rex
487 3083 754 3147 invectus
778 3086 942 3167 ipsas
967 3086 1267 3147 demersit.
2043 3100 2047 3107 ·

239 3168 489 3230 Postera
517 3170 612 3231 die
642 3173 832 3233 classe
865 3174 940 3233 ad
965 3172 1199 3235 moenia
1236 3173 1473 3233 admota
1499 3170 1763 3251 undique
1796 3168 2101 3233 tormentis
2130 3172 2193 3227 et
2210 3170 2295 3236 13

105 3254 368 3317 maxime
411 3254 658 3317 arietum
692 3259 867 3338 pulsu
907 3276 1110 3321 muros
1156 3260 1369 3339 quatit,
1422 3276 1571 3337 quos
1610 3256 1771 3337 Tyrii
1818 3257 2033 3336 raptim
2076 3252 2193 3314 ob-

107 3340 361 3405 structis
383 3340 540 3401 saxis
565 3343 916 3418 refecerunt,
940 3346 1280 3407 interiorem
1307 3344 1545 3424 quoque
1562 3348 1816 3417 murum,
1846 3352 1926 3415 ut,
1952 3340 2002 3399 si
2024 3338 2193 3419 prior

111 3426 452 3501 fefellisset,
498 3426 600 3487 illo
637 3447 702 3489 se
737 3438 1071 3505 tuerentur,
1121 3432 1390 3510 undique
1425 3431 1571 3493 orsi.
1622 3430 1774 3489 ‘Sed
1808 3425 2069 3499 undique
2098 3425 2187 3484 eis
2210 3428 2295 3489 14

114 3512 262 3575 mali
286 3512 561 3593 urgebat:
607 3516 796 3577 moles
828 3516 980 3580 intra
1005 3518 1106 3582 teli
1137 3518 1355 3579 iactum
1381 3524 1537 3591 erat,
1586 3512 1789 3573 classis
1814 3506 2050 3565 moenia
2073 3506 2192 3565 cir-

116 3598 404 3674 cumibat,
438 3602 704 3664 terrestri
727 3602 899 3665 sim-ul
926 3603 1231 3682 navalique
1254 3603 1419 3664 clade
1444 3596 1863 3661 obruebantur.
1888 3680 1923 3734 3
1954 3587 2193 3666 Quippe

227 3698 440 3745 Curtius.
904 3732 912 3737 .
