2417 3900
611 104 754 174 un,
769 107 895 176 ιιι.
939 105 1042 186 (1.)
1110 58 1273 174 666.
1316 107 1389 172 ιι.
1462 104 1714 176 8--19
2139 111 2191 174 ⁷

117 221 422 288 libertatis
449 221 678 297 oblinis,
707 223 928 298 Habeo,
961 225 1170 304 inquit,
1196 234 1465 304 paratim
1484 227 1693 292 mortis
1718 243 1885 292 meae
1904 229 2184 309 tutorem:

117 315 373 388 expetet
389 326 612 405 poenas
633 308 854 376 consilii
869 311 988 373 mei
1011 310 1232 390 spreti
1215 329 1267 374 ιε
1286 311 1435 391 ipse,
1464 320 1669 376 eontra
1685 327 1862 402 quem
1884 312 1987 378 tibi
2008 317 2198 380 suasi.

112 395 216 455 Tu
241 392 490 472 quidem
509 393 744 458 licentia
767 393 937 474 regui
973 403 1086 458 tam
1127 396 1321 460 subito
1345 405 1601 461 mutatus
1626 393 2041 462 documentum
2066 401 2183 464 eris

109 477 407 560 posteris,
432 478 725 554 homines,
744 497 937 576 quum
963 498 1030 542 se
1048 481 1375 561 permisere
1398 484 1685 558 fortunae,
1712 483 1892 547 etiam
1917 492 2182 550 naturam

110 563 460 628 dediscere.
499 563 664 629 Haec
680 560 1117 640 vociferantem,
1135 566 1351 645 quibus
1369 576 1494 638 erat
1510 567 1879 652 imperatum,
1900 568 2181 648 iugulant.
2204 575 2283 642 19

113 651 278 713 Sera
301 640 519 720 deinde
540 648 908 748 poenitentia
930 651 1108 716 subiit
1132 671 1353 731 regem,
1382 670 1451 720 ac
1473 671 1609 717 vera
1632 650 1847 718 dixisse
1875 655 2183 720 confessus

107 734 368 818 sepeliri
397 752 532 798 eum
555 734 744 798 iussit.

257 819 424 902 Cap.
453 819 555 883 111.
600 820 942 901 Thymodes,
960 828 1112 895 erat,
1147 821 1429 887 Mentiiris
1452 821 1649 896 filius,
1644 821 1913 902 impiger
1934 823 2182 899 iuvenis,
2204 829 2241 892 l
2352 880 2360 890 .

106 905 216 970 cui
243 913 642 1003 praeceptum
649 916 794 982 esta
816 924 974 1005 rege,
1010 915 1075 968 ut
1098 926 1303 980 omnes
1328 907 1673 987 peregrinos
1695 907 1927 981 milites,
1965 907 2027 970 in
2050 913 2183 988 quis

105 990 446 1072 plurimum
467 992 722 1057 hahebat
745 992 900 1072 spei,
938 1009 973 1052 a
997 992 1376 1055 Pharnabazo
1402 993 1718 1092 acciperet,
1766 996 1949 1074 opera
1976 1009 2183 1062 eorum

105 1095 342 1139 usurus
375 1077 438 1140 ιιι
474 1079 660 1154 bell03
701 1079 820 1159 ipsi
842 1077 1221 1140 Pharnabazo
1257 1078 1435 1154 tradit
1470 1079 1781 1160 imperium
1794 1123 1811 1153 ,
1849 1079 2011 1160 quod
2048 1086 2184 1148 ante

103 1159 426 1227 Memnoni
450 1163 708 1228 dederat.
756 1162 1007 1226 Anxium
1030 1165 1104 1224 de
1117 1147 1481 1226 instantibus
1508 1163 1661 1228 curis
1688 1162 1989 1242 agitabant
2008 1162 2183 1227 etiam
2200 1165 2240 1226 2

103 1267 236 1328 per
271 1264 552 1312 6οιιιιιιιιιι
585 1249 816 1330 species
847 1248 1276 1314 imminentium
1304 1267 1535 1322 rerum,
1559 1249 1685 1313 sive
1714 1249 1867 1309 illas
1878 1238 2181 1325 aegritudo

101 1332 250 1394 sive
297 1333 572 1394 divinatio
615 1333 793 1396 animi
833 1335 1255 1412 praesagientis
1300 1334 1567 1399 accersit.
1632 1333 1835 1395 Castra
1871 1332 2241 1398 Alexandriss

98 1435 341 1494 magno
364 1417 515 1496 ignis
541 1402 767 1499 fulgore
790 1417 1077 1498 collucere
1098 1419 1152 1479 ei
1169 1419 1290 1478 visa
1310 1426 1467 1496 sunt,
1496 1429 1555 1485 et
1566 1417 1761 1496 paullo
1782 1425 1919 1513 post
1928 1417 2181 1481 Alexan-

105 1503 302 1564 drum
349 1501 562 1563 adduci
607 1497 683 1564 a'd
716 1501 908 1586 ipsum
941 1500 1004 1561 in
1039 1521 1109 1562 eo
1145 1501 1325 1562 vestis
1358 1501 1587 1575 habitu,
1639 1521 1753 1580 quo
1795 1503 1923 1580 ipse
1959 1498 2182 1578 fuisset,

103 1605 280 1668 equo
303 1584 516 1648 deinde
534 1607 643 1668 per
642 1579 1018 1668 Babylonem
1040 1594 1287 1660 vectum,
1306 1585 1529 1648 subito
1522 1605 1649 1647 cum
1674 1585 1809 1666 ipso
1828 1604 1980 1666 equo
1998 1587 2182 1660 oculis

101 1689 260 1734 esse
303 1671 679 1735 subductum.
747 1671 834 1736 Ad
873 1673 1023 1734 haec
1061 1679 1219 1732 vates
1260 1672 1417 1732 varia
1456 1671 1942 1752 interpretatione
1982 1690 2179 1748 curam
2199 1671 2242 1732 4

108 1753 576 1820 distrinxerant:
621 1759 717 1821 alii
736 1757 954 1827 laetum
979 1757 1038 1819 id
1062 1757 1188 1836 regi
1211 1759 1507 1821 somnium
1530 1776 1661 1821 esse
1686 1757 1981 1826 dicebant,
2020 1756 2181 1837 quod

109 1850 316 1904 castra
341 1843 602 1906 hostium
627 1843 928 1918 arsissent,
953 1844 1110 1924 quod
1129 1843 1523 1906 Alexandrum
1548 1843 1837 1922 deposita
1830 1838 2000 1922 regia
2019 1851 2183 1916 veste

107 1928 181 1991 in
199 1927 450 1992 Persico
487 1938 544 1992 et
576 1929 796 2011 vulgati
827 1891 1028 1991 habitu
1059 1930 1435 2010 perductum
1439 1947 1571 1991 esse
1600 1930 1865 1991 vidisset.
1928 1929 2239 2011 Quidamfi

109 2014 202 2076 ita
237 2016 704 2093 augurabantur:
751 2016 966 2095 quippe
999 2014 1242 2077 illustria
1268 2014 1686 2077 Macedonum
1680 2023 1885 2092 castra
1906 2016 2035 2080 visa
2066 2014 2200 2091 liul-

110 2119 332 2179 gorem
369 2101 699 2163 Alexandro
737 2101 1120 2187 portendere.
1167 2102 1327 2197 quod
1361 2118 1495 2161 vero
1510 2118 1777 2197 regnum
1799 2084 1991 2179 Asiae·
2004 2118 2181 2178 occu-

108 2204 267 2267 pare
297 2186 479 2248 fatum
503 2195 681 2261 esset,
703 2184 861 2247 haud
881 2184 1198 2263 ambiguae
1220 2186 1325 2259 rei,
1348 2184 1620 2265 quoniam
1650 2184 1711 2244 ιιι
1738 2171 1949 2248 eodeni
1960 2168 2181 2260 habitu

112 2271 352 2332 Dareus
377 2271 602 2344 fuisset,
629 2288 808 2352 quum
837 2270 1162 2349 appellatus
1187 2277 1278 2329 est
1300 2286 1421 2329 rex.
1464 2267 1676 2340 Vetera
1704 2287 1940 2349 quoque
1964 2267 2241 2341 omina‚6

116 2364 192 2419 ut
219 2356 342 2415 fere
361 2355 460 2429 fit,
499 2318 828 2415 sollicitudo
854 2350 1257 2414 revocaverat:
1304 2330 1691 2413 recensebant
1720 2350 1893 2423 enim,
1930 2352 2181 2413 Dareum
2262 2400 2267 2407 .

115 2441 188 2503 ιιι
218 2439 508 2521 principio
542 2439 770 2520 imperii
795 2438 1062 2519 vaginam
1090 2436 1345 2499 acinacis
1372 2436 1715 2499 Pefsicam'
1698 2435 1943 2497 iussisse
1968 2437 2181 2501 mutari

113 2528 186 2588 in
223 2544 351 2587 eam
385 2527 663 2600 formam,
698 2543 811 2623 qua
846 2524 1048 2587 Graeci
1078 2531 1399 2597 uterentur,
1435 2519 1822 2602 protinusque
1854 2506 2179 2588 Chaldaeos

115 2612 568 2690 interpretatos,
598 2610 909 2690 imperium
933 2608 1243 2673 Persarum
1273 2608 1347 2669 ad
1375 2628 1477 2670 eos
1502 2605 1901 2683 transiturum,
1930 2628 2179 2689 quorum

117 2714 290 2758 arma
322 2705 480 2757 esset
513 2695 790 2758 imitatuS.
861 2696 1176 2757 Ceterum
1160 2713 1291 2776 ipse
1326 2702 1397 2757 et
1418 2702 1612 2757 vatum
1640 2712 1973 2779 respon50‚
2020 2694 2242 2775 quod?

121 2780 458 2842 edebatur
441 2800 503 2844 ιιι
533 2781 773 2860 vulguS‚
819 2789 877 2842 et
897 2780 1129 2859 specie,
1175 2798 1325 2859 quae
1358 2796 1467 2859 per
1496 2795 1771 2841 somnum
1808 2769 2003 2843 oblata
2036 2788 2179 2855 erat,

122 2866 447 2929 admodum
477 2867 660 2928 laetus
691 2872 876 2928 castra
902 2865 976 2927 ad
1001 2864 1337 2944 Euphraten
1364 2862 1587 2926 moveri
1612 2864 1788 2926 iubet.

256 2951 449 3013 Patrio
475 2965 642 3012 more
663 2953 978 3013 Persarum
1009 2950 1287 3013 traditum
1325 2958 1415 3011 est
1446 2958 1575 3013 orto
1614 2950 1737 3011 sole
1774 2946 2009 3009 demum
2038 2968 2177 3031 pro·
2196 2950 2237 3013 8

123 3035 358 3099 cedere.
421 3036 537 3097 Die
551 3036 667 3098 iam
694 3033 900 3098 illustri
926 3036 1158 3115 signum
1187 3054 1219 3096 6
1245 3034 1621 3099 tabernaculo
1648 3034 1803 3113 regis
1818 3023 2045 3097 bucina
2072 3033 2178 3098 da-

125 3122 320 3183 batur.
367 3120 562 3203 Super
585 3122 1043 3197 tabernaculum,
1077 3122 1236 3183 unde
1262 3118 1335 3182 ab
1368 3109 1641 3183 omnibus
1670 3120 1929 3199 conspici
1953 3128 2176 3200 posset,

123 3206 320 3285 imago
345 3206 483 3269 solis
509 3208 774 3288 crystallo
799 3207 1034 3269 inclusa
1045 3206 1322 3287 fulgebat.
1370 3200 1529 3267 Ordo
1559 3212 1755 3267 autem
1781 3205 2026 3297 agminis
2056 3211 2179 3279 erat
2196 3205 2275 3270 9.

123 3291 282 3354 talis.
325 3290 502 3371 Ignis,
536 3308 710 3373 quem
734 3292 848 3373 ipsi
877 3310 1107 3355 sacrum
1135 3300 1194 3355 et
1218 3300 1523 3354 aeternum
1552 3286 1854 3364 ⁸vocabant,
1866 3285 2177 3367 argenteis

127 3376 411 3439 altaribus
447 3377 905 3457 praeferebatur.
969 3376 1123 3457 Magi
1161 3376 1415 3477 proximi
1442 3376 1694 3456 patrium
1731 3392 1967 3436 carmen
2004 3388 2177 3432 cane-

118 3463 291 3527 bant.
334 3462 536 3542 Magos
558 3462 802 3524 trecenti
829 3471 888 3524 et
907 3462 1206 3543 sexaginta
1232 3462 1487 3563 quinque
1502 3460 1743 3523 iuvenes
1766 3452 2178 3533 sequebantur,
2200 3454 2283 3524 10

129 3546 398 3639 puniceis
443 3544 706 3608 amiculis
749 3544 949 3622 velati,
1005 3546 1219 3614 diebus
1265 3544 1449 3609 totius
1497 3544 1637 3606 anni
1675 3557 1851 3621 pares
1895 3555 2181 3627 numero,
