2417 3900
190 138 314 201 134
627 104 757 201 br:
803 135 1068 198 Gns‘ris
1111 134 1543 197 ammoni
1586 134 1825 197 MAGNI

81 260 166 320 41
189 258 619 335 contingerent.
692 256 977 319 Oxathres
1003 261 1196 317 cetera
1232 256 1344 317 sibi
1372 274 1545 317 curae
1572 256 1701 316 fore
1728 254 2051 335 pollicetur.
2123 255 2281 315 Aves

186 365 310 408 non
335 344 408 405 ab
437 342 550 403 alio
579 360 752 421 quam
775 361 810 403 a
839 336 1055 404 Catene
1075 360 1259 421 posse
1283 341 1587 421 prohiberi
1608 340 1822 419 adiicit,
1854 339 2122 401 eximiam
2148 341 2281 401 eius

187 440 372 493 artem
401 428 644 509 cupiens
671 429 1015 490 ostendere:
1061 446 1317 509 namque
1336 429 1493 490 'adeo
1526 436 1687 489 certo
1721 428 1838 489 ictu
1870 426 2160 487 destinata
2188 430 2281 487 fe-

82 516 168 581 42
187 517 390 589 riebat,
429 524 492 577 ut
515 532 652 575 aves
679 533 912 595 quoque
933 512 1247 595 exciperet.
1294 514 1441 577 Nam
1469 514 1520 575 si
1544 513 1791 576 forsitan
1815 512 2128 591 sagittandi
2157 522 2280 573 tam

187 601 405 665 celebri
439 620 554 662 usu
577 599 772 663 minus
802 600 1160 661 admirabilis
1199 598 1383 661 videri
1408 618 1503 661 ars
1526 600 1675 661 haec
1702 599 1912 680 possit,
1955 610 2155 660 tamen
2180 599 2279 659 in-

79 686 167 747 43
188 706 334 769 gens
359 686 680 748 visentibus
710 686 1057 750 miraculum
1088 704 1424 768 magnoque
1449 685 1666 748 honori
1690 685 1890 747 Catani
1912 686 2041 747 fuit.
2107 686 2278 745 Dona

187 774 400 836 deinde
427 772 722 847 omnibuS,
768 772 868 853 qui
899 772 1150 835 Bessum
1179 772 1569 847 adduxerant,
1612 771 1745 832 data
1774 779 1930 833 sunt.
1998 771 2279 832 Ceterum

183 858 539 940 supplicium
578 858 704 919 eius
737 858 978 934 distulit,
1023 866 1089 920 ut
1118 876 1190 919 eo
1222 858 1376 932 loco,
1418 858 1481 920 in
1513 866 1631 939 qu'o
1665 856 1921 919 Dareum
1952 857 2082 937 ipse
2118 858 2277 919 occi-

69 948 72 953 “
183 947 368 1019 derat,
406 952 737 1028 necaretur.

129 1027 163 1088 l
313 1032 472 1110 Cap.
498 1030 592 1091 VI.
637 1030 868 1091 Interea
897 1027 1255 1091 Macedones
1280 1029 1357 1090 ad
1381 1029 1707 1108 petendum
1741 1030 2022 1110 pabulum
2044 1028 2276 1089 incom-

182 1115 378 1198 posito
409 1116 641 1195 agmine
669 1113 895 1194 egressi
919 1132 952 1174 a
979 1113 1267 1190 barbaris,
1301 1115 1402 1196 qui
1428 1114 1503 1177 de
1528 1115 1814 1195 proximis
1838 1116 2129 1197 montibus
2156 1115 2271 1174 de-

120 1206 164 1267 -2
183 1210 512 1276 currerunt,
541 1200 973 1282 opprimuntur,
1001 1202 1322 1279 pluresque
1348 1201 1503 1282 capti
1528 1210 1667 1263 sunt
1690 1222 1863 1281 quam
1894 1200 2094 1263 occisi:
2126 1200 2264 1260 har-

76 1330 98 1337 --
181 1287 313 1350 bari
353 1295 550 1349 autem
587 1288 846 1367 captivos
873 1305 1017 1367 prae
1065 1306 1130 1349 se
1163 1294 1407 1366 agentes
1444 1306 1653 1349 rursus
1685 1288 1747 1349 in
1774 1297 2038 1350 montem
2056 1304 2270 1347 reces-

182 1374 406 1435 Serunt.
451 1373 666 1453 Viginti
681 1374 838 1435 milia
858 1374 1150 1434 latronum
1171 1381 1359 1435 erant.
1402 1374 1627 1435 Fundis
1651 1374 1994 1458 sagittisque
2014 1390 2273 1452 pugnam

121 1459 163 1521 3
180 1459 485 1522 invadunt.
533 1461 698 1532 Quos
725 1460 864 1521 dum
893 1459 1125 1520 obsidet
1148 1478 1274 1534 rex,
1308 1459 1464 1521 inter
1486 1459 1963 1541 promptissimos
1989 1459 2274 1519 dimicans

185 1546 394 1625 sagitta
419 1546 571 1607 ictus
596 1553 703 1619 est,
749 1563 900 1624 quae
938 1545 1000 1605 in
1025 1545 1221 1606 medio
1260 1563 1435 1606 crure
1463 1548 1573 1607 fixa
1600 1546 1920 1625 reliquerat
1956 1544 2273 1624 spiculum.

121 1632 352 1695 :illlum
379 1632 621 1709 quidem
643 1630 851 1692 maesti
881 1638 940 1691 et
963 1631 1193 1692 attoniti
1220 1630 1575 1693 Macedunes
1601 1630 1665 1691 in
1692 1640 1878 1693 castra
1904 1629 2274 1693 referebant:

182 1718 290 1779 sed
311 1735 422 1778 nec
437 1716 725 1783 barbaros
745 1716 946 1776 fefellit
964 1715 1289 1778 subductus
1311 1734 1383 1777 ex
1400 1718 1547 1791 acie,
1568 1716 1785 1798 quippe
1802 1736 1875 1779 ex
1894 1718 2049 1779 edito
2070 1725 2276 1778 monte

100 1802 162 1863 „5
183 1811 390 1863 cuncta
415 1809 870 1881 prospexerant.
936 1802 1138 1881 ltaque
1160 1802 1535 1881 postero.2die
1570 1804 1785 1865 misere
1807 1803 2037 1882 legatos
2075 1803 2151 1863 ad
2177 1822 2275 1863 re-

183 1905 334 1967 gem,
375 1906 526 1966 quos
559 1887 658 1950 ille
690 1886 955 1966 protinus
983 1886 1155 1949 iussit
1178 1886 1421 1960 admitti,
1463 1889 1790 1970 solutisque
1820 1890 2017 1952 fasciis
2041 1888 2273 1968 magni—

122 1970 162 2031 6
181 1972 446 2035 tudinem
478 1973 734 2034 vulneris
761 1971 1136 2036 dissimulans
1175 1990 1310 2036 crus
1342 1974 1613 2036 barbaris
1652 1977 1927 2038 ostendit.
2000 1975 2087 2038 llli
2126 1975 2274 2036 iussi

183 2058 492 2121 considere
516 2060 825 2132 affirmant,
853 2067 976 2135 non
1001 2058 1355 2120 Macedones
1380 2079 1556 2140 quam
1582 2062 1749 2143 ipsos
1773 2063 2061 2124 tristiores
2086 2062 2271 2123 fuisse

183 2145 420 2223 cognito
443 2146 686 2207 vulnere
711 2145 930 2224 ipsius:
975 2144 1140 2206 cuius
1164 2145 1215 2206 si
1239 2153 1541 2208 auctorem
1569 2149 1992 2228 repperissent,
2032 2147 2270 2209 deditu-

11 2304 22 2312 ‚
120 2225 162 2286 7
178 2248 283 2294 ros
306 2230 508 2304 fuisse,
563 2251 696 2294 cum
721 2231 834 2292 diis
865 2230 1022 2292 enim
1048 2249 1311 2312 pugnare
1338 2233 1659 2312 sacrilegos
1686 2243 1930 2296 tantum.
1996 2234 2275 2296 Ceterum

123 2373 131 2378 .
179 2335 248 2378 se
279 2329 516 2396 gentem
549 2318 612 2381 in
644 2317 822 2380 fidem
857 2317 1092 2392 dedere,
1141 2327 1451 2397 superatos
1492 2320 1706 2382 virtute
1741 2321 1915 2382 illius.
1980 2321 2108 2381 Rex
2151 2319 2275 2380 fide

119 2403 315 2472 ssdata
339 2413 400 2466 et
425 2405 667 2483 captivis
705 2403 960 2484 receptis
988 2411 1223 2480 gentem
1250 2404 1313 2466 in
1345 2405 1701 2468 deditionem
1740 2405 1984 2487 accepit.
2050 2404 2273 2468 Castris

57 2565 60 2572 Ι
177 2489 318 2550 inde
341 2490 518 2552 motis
543 2489 750 2552 lectica
770 2489 1004 2551 militari
1027 2489 1345 2564 ferebatur,
1374 2509 1547 2572 quam
1574 2512 1685 2573 pro
1710 2513 1777 2554 se
1802 2495 2052 2575 quisque
2084 2509 2273 2570 eques

176 2575 484 2654 pedesque
501 2575 700 2636 subire
721 2575 1044 2638 certabant.
1088 2575 1350 2654 Equites,
1370 2595 1504 2640 cum
1523 2579 1737 2658 quibus
1755 2598 1859 2642 rex
1874 2577 2101 2659 proelia
2118 2577 2275 2638 inire

179 2659 386 2721 solitus
405 2670 550 2733 erat,
575 2661 667 2723 sui
684 2660 947 2722 muneris
966 2660 1027 2721 id
1053 2680 1184 2722 esse
1204 2664 1557 2726 censebant:
1583 2666 1813 2745 pedites
1834 2673 2059 2738 contra,
2085 2681 2273 2744 quum

140 2763 147 2770 ’·
179 2745 414 2806 saucios
455 2745 882 2808 commilitones
919 2745 1036 2825 ipsi
1066 2756 1301 2824 gestare
1330 2753 1747 2826 assuevissent,
1788 2752 1937 2832 eripi
1976 2751 2088 2813 sibi
2122 2768 2275 2830 pro-

178 2829 371 2909 prium
393 2829 654 2894 officium
670 2841 794 2894 tum
817 2831 1206 2912 potissimum,
1235 2853 1415 2914 quum
1438 2855 1543 2898 rex
1568 2839 1887 2916 gestandus
1914 2845 2092 2910 esset,
2118 2855 2273 2915 que-

121 2917 160 2980 9
179 2915 479 2978 rebantur.
524 2918 647 2979 Rex
673 2917 737 2978 in
759 2926 924 2980 tanto
947 2919 1252 3000 utriusque
1278 2923 1464 3001 partis
1492 2925 1809 2985 certamine
1832 2932 1893 2984 et
1914 2925 2031 2986 sibi
2056 2921 2277 2984 diffici-

177 3003 296 3063 lem
337 3010 394 3062 et
447 3003 776 3081 praeteritis
833 3022 1065 3083 gravem
1111 3007 1459 3070 electionem
1508 3011 1758 3071 futuram
1802 3017 1967 3072 ratus
2013 3009 2293 3072 invicem·

181 3087 381 3150 subire
423 3107 528 3149 eos
570 3089 760 3151 iussit.

80 3172 163 3235 10
293 3173 447 3236 Hinc
465 3181 674 3254 quarto
692 3175 787 3238 die
805 3174 880 3235 ad
899 3174 1106 3235 urbem
1127 3173 1471 3238 Maracanda
1492 3187 1839 3260 perventum
1860 3190 1971 3243 est.
2012 3181 2271 3260 Septua-

185 3259 340 3338 ginta
376 3261 566 3322 ›stadia
602 3277 806 3324 murus
839 3260 1004 3322 urbis
1041 3262 1437 3340 amplectitur:
1484 3283 1588 3325 arx
1622 3265 1735 3325 alio
1776 3265 2030 3346 cingitur
2070 3286 2271 3328 muro.

109 3373 124 3397 ·-
181 3347 264 3407 Ac
289 3347 583 3424 praesidio
613 3349 745 3410 urbi
770 3346 976 3409 relicto
1001 3347 1299 3425 proximos
1324 3350 1485 3411 vicos
1510 3351 1905 3430 depopulatur
1926 3361 2103 3434 atque
2126 3353 2271 3414 urit.

81 3427 160 3490 11
184 3431 381 3509 Legati
403 3434 618 3497 deinde
634 3433 982 3497 Ambiorum
1001 3434 1347 3514 Scytharum
1370 3437 1810 3514 superveniunt,
1838 3439 2024 3512 liberi,
2048 3457 2119 3500 ex
2146 3457 2269 3518 quo

182 3517 522 3582 decesserat
537 3521 736 3602 Cyrus,
762 3528 889 3582 tum
911 3520 1190 3598 imperata
1215 3519 1439 3583 facturi.
1485 3523 1848 3595 Iustissimos
1870 3525 2293 3589 barbarorum·

189 3605 514 3667 ¹*onstabau
545 3607 722 3670 armis
747 3607 1140 3681 abstinebant,
1167 3607 1283 3670 nisi
1305 3607 1593 3684 lacessiti3
1619 3609 1908 3672 libertatis
1932 3610 2181 3673 modico
2215 3623 2297 3678 e&

2258 3787 2303 3888 l
