2417 3900
540 130 685 193 LlB.
734 126 1078 208 VllI.(V1.)
1126 125 1286 190 CAP.
1327 128 1395 189 V.
1443 124 1572 185 1—
1566 124 1691 189 ,19.
2037 128 2159 189 159

101 216 366 323 [barbari]
392 249 623 311 nobiles
646 247 1083 307 adhiberentur.
1152 241 1299 307 Cum
1321 245 1532 324 quibus
1566 263 1748 325 quum
1777 243 2168 311 discubuisset

97 351 211 405 rex,
241 332 565 413 paullisper
590 334 861 413 epulatus
886 328 1163 390 convivio
1186 330 1498 407 egreditur.
1543 331 1714 405 Cleo,
1742 330 1894 393 sicut
1899 350 2163 433 praepa·
2186 330 2266 393 lo
2381 354 2384 419 3

92 426 279 480 ratum
318 428 461 491 erat,
502 435 841 481 sermonem
876 433 1009 475 cum
1040 416 1426 477 admiratione
1459 399 1692 479 landem
1728 416 1860 478 eius
1895 416 2164 483 instituit.

90 504 285 565 Merita
308 504 525 565 deinde
540 503 900 582 percensuit,
916 500 1129 579 quibus
1148 520 1268 566 uno
1283 502 1466 561 modo
1481 504 1688 567 referri
1701 502 1948 582 gratiam
1966 521 2164 603 posse,

90 590 155 661 si,
176 607 355 668 quem
374 588 767 667 intelligerent
785 589 958 649 deum
979 604 1131 661 esse,
1152 588 1592 662 confiterentur,
1617 589 1826 667 exigua
1845 588 2166 651 thui-isim-

87 636 271 753 pensa
302 683 461 735 tanta
484 674 767 739 beneficia
790 673 1111 753 pausaturi.
1174 672 1389 735 Persas
1415 673 1653 753 quidem
1674 692 1798 735 non
1808 674 1928 754 pie
1953 676 2166 750 solum,
2187 666 2265 731 ll

88 760 195 819 sed
235 758 409 819 etiam
442 761 765 858 prudenter
794 776 967 837 reges
1006 776 1149 821 suos
1184 758 1342 821 inter
1368 759 1512 821 deos
1539 760 1762 821 colere:
1805 760 2168 823 maiestatem

86 844 245 905 enim
272 844 499 923 imperii
528 846 729 910 salutis
760 864 889 907 esse
916 846 1173 907 tutelam.
1231 846 1320 907 Ne
1343 846 1656 908 Herculem
1695 845 1935 926 quidem
1967 854 2028 910 et
2051 848 2168 909 Pa-

86 940 241 997 trem
264 929 537 994 Liberum
566 932 729 1011 prius
756 932 977 994 dicatos
1004 931 1168 1004 deae,
1210 950 1388 1012 quam
1417 932 1702 994 vicissent
1725 950 1928 995 secum
1962 933 2171 999 vivon<
2231 992 2241 999 .

40 1068 42 1073 .
86 1015 229 1075 tium
250 1014 543 1079 invidiam.
610 1018 977 1081 Tantundem
1004 1035 1240 1096 quoqne
1269 1026 1542 1098 posteros
1571 1019 1832 1092 credere,
1877 1027 2164 1100 quantum

84 1118 371 1178 praesens
412 1113 573 1165 aetas
612 1101 1053 1183 spopondisset.
1126 1104 1354 1174 Quodsi
1399 1105 1580 1167 eeteri
1623 1104 1920 1177 dubitent,
1971 1110 2167 1168 semet
2188 1108 2268 1172 12

82 1187 296 1264 ipsum,
333 1206 512 1265 quum
536 1206 645 1249 rex
666 1188 877 1249 inisset
898 1186 1246 1261 convivium,
1259 1198 1706 1285 prostraturum
1733 1188 1898 1249 humi
1925 1206 2165 1268 corpus.
2293 1216 2300 1221 ·

80 1272 307 1333 Debere
328 1272 489 1334 idem
514 1275 707 1333 facere
733 1280 979 1343 ceteros,
1022 1280 1081 1331 et
1100 1272 1388 1351 imprimis
1411 1274 1698 1351 sapientia
1719 1273 2050 1351 praeditos·
2089 1274 2163 1335 ab

82 1356 191 1417 illis
210 1356 367 1418 enim
386 1357 613 1419 cultus
598 1376 659 1417 ιιι
676 1374 875 1434 regem
896 1372 1031 1418 esse
1052 1358 1423 1435 prodendum
1443 1359 1796 1437 exemplum.
1839 1358 2008 1421 Haud
2025 1360 2268 1441 per-13

80 1442 287 1521 plexe
270 1460 333 1502 ιιι
352 1441 767 1505 Callisthenem
790 1440 1151 1538 dirigebatur
1166 1443 1374 1504 oratio.
1409 1442 1672 1503 Gravitas
1690 1442 1802 1503 viri
1815 1452 1876 1506 et
1889 1452 2243 1525 prompta

78 1527 361 1589 libertas
342 1527 537 1589 invisa
564 1535 691 1588 erat
712 1526 854 1605 regi,
898 1526 1069 1604 quasi
1104 1527 1268 1589 solus
1293 1527 1650 1637 Macedonas
1673 1536 1910 1608 paratos
1949 1530 2025 1591 ad
2047 1531 2166 1592 tale

82 1612 439 1693 obsequium
467 1620 815 1675 moraretur.

206 1699 269 1759 Is
293 1706 421 1759 tum
456 1697 686 1759 silentio
720 1698 873 1759 facto
896 1714 1079 1761 unum
1096 1684 1262 1762 illum
1287 1696 1652 1759 intuentibus
1675 1699 1906 1774 ceteris,
1951 1699 2016 1762 Si
2039 1717 2164 1775 rex,
2186 1702 2269 1767 14

39 1826 42 1857 g
78 1783 289 1862 inquit,
317 1782 578 1848 sermoni
602 1790 705 1848 tuo
722 1781 1001 1857 affuisset,
1021 1782 1244 1848 nullius
1266 1785 1530 1864 profecto
1555 1802 1666 1846 vox
1687 1784 2036 1867 responsuri
2057 1744 2166 1849 tibi

39 1876 42 1927 3
80 1868 547 1933 desideraretur.
586 1868 715 1952 ipse
740 1868 899 1933 enim
923 1876 1167 1950 peteret,
1206 1888 1294 1933 ιιι
1311 1870 1374 1933 in
1396 1870 1746 1951 peregrinos
1771 1880 2165 1954 externosque

78 1956 227 2016 ritus
248 1955 609 2035 degenerare
626 1973 693 2018 se
711 1975 983 2043 cogeres,
1000 1973 1117 2020 neu
1134 1957 1314 2020 rebus
1335 1957 1669 2020 felicissime
1684 1959 1868 2038 gestis
1883 1960 2178 2022 invidiam

80 2041 177 2102 tali
200 2041 537 2109 adulatione
562 2044 962 2106 contraheres.
1006 2043 1128 2106 Sed
1154 2044 1432 2121 qnoniam
1453 2044 1639 2116 abest,
1667 2063 1778 2122 ego
1799 2044 1908 2106 tihi
1929 2063 2043 2124 pro
2060 2045 2162 2106 illo
2185 2045 2266 2106 15

78 2128 447 2206 respondeo,
490 2129 715 2192 nullum
758 2147 893 2192 esse
942 2128 1196 2190 eundem
1237 2135 1298 2188 et
1339 2128 1678 2188 diuturnum
1718 2137 1776 2188 et
1815 2146 2166 2208 praecocem

80 2216 355 2285 fructum,
376 2213 781 2290 coelestesque
798 2213 1057 2276 honores
1083 2230 1205 2274 nou
1229 2213 1374 2272 dare
1395 2219 1456 2272 te
1477 2213 1621 2288 regi,
1641 2213 1752 2274 sed
1771 2215 2022 2274 autu-re.
2065 2215 2166 2274 Ιιι-

78 2298 325 2360 tervallo
354 2296 511 2361 enim
534 2315 687 2376 opus
710 2305 818 2370 est,
862 2305 929 2360 ut
960 2295 1236 2380 credatur
1259 2297 1425 2368 deus,
1473 2313 1826 2376 semperque
1849 2294 2006 2358 hanc
2027 2315 2165 2376 gra-

78 2386 217 2446 tiam
245 2382 475 2461 magnis
500 2382 641 2444 viris
665 2383 889 2460 posteri
910 2381 1189 2444 reddunt.
1258 2381 1388 2460 Ego
1410 2389 1604 2444 autem
1633 2398 1828 2444 seram
1857 2385 2163 2444 immorta—
2183 2379 2266 2444 16

76 2471 301 2532 litatem
330 2486 548 2548 precor
572 2469 725 2546 regi,
767 2475 929 2530 utet
952 2467 1065 2529 vita
1098 2467 1372 2530 diuturna
1403 2467 1484 2528 sit
1517 2475 1576 2528 et
1605 2475 1844 2528 aeterna
1867 2468 2162 2532 maiestas.

80 2555 395 2618 Hominem
420 2556 805 2634 consequitur
826 2554 1163 2633 anquando,
1202 2571 1508 2634 uunquam
1533 2553 1850 2616 comitatur
1871 2554 2161 2619 divinitas.

82 2641 395 2705 Herculem
426 2642 607 2704 modo
647 2649 707 2708 et
728 2641 966 2704 Patrem
988 2639 1267 2704 Liberum
1297 2650 1682 2704 consecratae
1707 2640 2160 2706 immortalitatis
2181 2636 2266 2700 17

80 2729 347 2807 exempla
382 2727 703 2790 referebas.
768 2726 1051 2790 Credisne
1081 2725 1216 2788 illos
1248 2727 1424 2790 unius
1459 2726 1704 2788 convivii
1733 2728 1972 2790 decreto
2014 2729 2160 2792 deos

78 2810 311 2876 factos?
354 2813 527 2877 Prius
554 2813 631 2876 ab
658 2813 843 2877 oculis
866 2811 1199 2874 mortalium
1233 2811 1468 2876 amolita
1497 2821 1706 2875 natan-a
1743 2822 1854 2890 est,
1895 2832 2072 2896 quam
2095 2816 2160 2883 in

80 2900 309 2962 coelum
336 2901 487 2962 sama
514 2900 878 2979 perveheret.
925 2897 1159 2962 Scilicet
1184 2914 1292 2978 ego
1327 2907 1390 2960 et
1408 2907 1490 2972 tu,
1515 2900 1677 2975 Cleo,
1715 2899 1862 2962 deos
1891 2902 2159 2966 facimus.
2181 2903 2261 2966 18

80 2986 129 3046 Α
150 2985 327 3046 nobis
351 2985 668 3049 divinitatis
692 3004 835 3050 suae
856 2983 1260 3048 auctoritatem
1283 2994 1630 3064 accepturus
1656 2995 1749 3048 est
1768 3005 1894 3051 rex.
1937 2989 2159 3051 Poten-

82 3071 223 3132 tiam
244 3079 405 3132 tuam
432 3071 680 3150 experiri
702 3073 863 3134 libet.
920 3072 1037 3134 Fac
1058 3070 1309 3150 aliquem
1333 3087 1555 3170 regem,
1593 3073 1646 3134 si
1669 3073 1848 3136 deum
1871 3084 2046 3176 potes
2067 3073 2202 3134 tha·

82 3176 237 3218 cere.
282 3156 534 3218 Facilius
555 3165 644 3218 est
670 3159 897 3220 coelum
918 3157 1061 3218 dare
1078 3175 1256 3236 quam
1281 3156 1612 3237 imperium.
1653 3159 1754 3221 Dii
1764 3161 2007 3254 propitii
2022 3159 2158 3219 sino
2179 3158 2257 3220 19

78 3242 316 3314 invidia,
342 3260 493 3320 quae
522 3241 661 3304 Cleo
687 3243 845 3313 dixit,
878 3243 1185 3319 audierint,
1217 3245 1546 3326 eodemque
1569 3263 1764 3322 cursu,
1789 3246 1908 3326 quo
1935 3247 2159 3316 fluxere

82 3329 277 3388 adhuc
298 3345 416 3399 res,
458 3327 545 3388 ire
573 3327 884 3406 patiantur.
946 3328 1177 3394 Nostris
1202 3331 1470 3394 moribus
1497 3333 1676 3397 veiint
1711 3349 1824 3394 nos
1851 3347 1988 3392 esse
2011 3343 2158 3391 con-
2215 3334 2220 3368 ³

82 3421 298 3476 tentos.
364 3413 498 3476 Nou
518 3414 703 3491 pudet
722 3413 963 3493 patriae,
1000 3435 1111 3480 nec
1134 3417 1428 3493 desidem,
1468 3421 1544 3482 ad
1567 3437 1744 3501 quem
1777 3415 2020 3478 modum
2049 3429 2160 3478 m

82 3499 225 3562 mihi
244 3499 530 3562 colendus
547 3499 643 3572 sit,
664 3499 915 3562 discere.
952 3503 1117 3575 Quos
1134 3502 1408 3603 equidem
1425 3506 1675 3569 victores
1693 3519 1834 3564 esse
1848 3502 2154 3622 wnssteor,

38 3550 132 3685 {ei
158 3586 233 3664 ab
254 3585 397 3650 illis
386 3587 579 3667 leges,
608 3589 743 3666 qius
771 3587 1054 3664 vivamus,
1080 3587 1417 3670 accipimus.
1465 3661 1474 3672 ‚
