2417 3900
276 148 407 211 130
608 124 615 129 ’
746 146 847 209 DE
892 130 1156 206 Gsss‘rls
1199 142 1636 207 ALExaNnm
1677 142 1920 207 mem

256 252 263 264 ⁸
272 268 797 353 proficiscerentur
837 266 1123 343 tumultus
1164 264 1293 327 eius
1341 262 1632 345 principia
1673 260 2025 325 nunciaturi.
2099 259 2174 321 Et
2223 260 2370 325 alius

272 374 565 437 praesens
588 362 783 416 terror
812 354 1071 424 affertur,
1100 351 1376 431 Scythas,
1411 349 1510 429 qui
1544 350 1696 411 ultra
1720 348 1963 410 Tanaim
1997 364 2232 407 amnem
2271 366 2370 409 co-

274 444 423 517 lunt,
448 441 784 514 adventare,
807 439 996 505 Besso
1024 440 1286 500 ferentes
1309 454 1507 517 opem.
1568 435 1793 496 Eodem
1819 442 2107 514 tempore,
2135 451 2289 513 quae
2309 434 2375 497 in*

168 525 258 589 33
274 537 449 610 gente
468 526 742 589 Ariorum
763 526 1021 587 Caranus
1042 533 1103 585 et
1120 522 1388 603 Erigyius
1413 530 1738 600 gesserant,
1757 522 2158 601 perferuntur.
2199 518 2370 581 Com-

272 616 521 677 missum
547 620 673 673 erat
694 611 985 691 proelium
1004 610 1159 671 inter
1177 608 1536 671 Macedones
1553 608 1863 687 Ariosque.
1908 607 2243 684 Transfuga
2265 608 2368 667 Sa-

272 701 607 763 tibarzanes
634 698 905 761 barbaris
928 707 1232 777 praeerat:
1273 694 1372 774 qui
1401 712 1580 773 quum
1603 711 1866 773 pugnam
1893 710 2137 771 segnem
2163 694 2366 754 utrim-

274 804 392 865 que
419 784 625 864 aequis
651 784 873 845 viribus
900 792 1057 843 stare
1082 781 1346 852 vidisset,
1377 779 1438 841 in
1467 780 1696 859 primos
1725 779 1967 841 ordines
1990 780 2364 857 adequitavit,

276 872 637 949 demptaque
660 870 841 948 galea,
866 866 1131 931 inhibitis
1152 866 1254 945 qui
1275 866 1390 927 tela
1408 866 1717 939 iaciebant,
1743 866 1794 927 si
1809 866 1944 946 quis
1967 864 2182 927 viritim
2201 866 2377 927 dimi-1

274 974 409 1017 care
435 955 625 1027 vellet,
648 953 989 1035 provocavit
1010 954 1084 1013 ad
1114 967 1393 1032 pugnam,
1420 952 1644 1014 nudum
1670 970 1736 1012 se
1762 962 1938 1033 caput
1963 952 2026 1012 in
2055 953 2377 1041 certamine]

166 1043 255 1105 34
276 1042 633 1103 habiturum.
699 1040 833 1101 Non
864 1038 995 1101 tulit
1026 1038 1309 1100 ferociam
1341 1037 1580 1099 barbari
1615 1038 1734 1099 dux
1765 1037 2058 1100 exercitus
2089 1038 2377 1119 Erigyius*

275 1126 469 1208 gravis
486 1125 725 1205 quidem
738 1134 948 1199 aetate,
962 1125 1068 1187 sed
1086 1134 1144 1187 et
1154 1123 1336 1185 animi
1350 1131 1410 1185 et
1425 1124 1694 1204 corporis
1707 1124 1928 1186 robore
1942 1124 2086 1185 nulli
2098 1124 2366 1187 iuvenum

273 1212 715 1295 postferendus.
758 1212 817 1272 Is
845 1211 1009 1290 galea
1034 1212 1277 1290 dempta
1299 1210 1572 1271 canitiem
1599 1217 1922 1286 ostentam,
1949 1210 2136 1285 Venit,
2159 1210 2370 1289 inquit,

276 1301 423 1374 dies,
462 1318 583 1379 quo
610 1306 713 1361 aut
745 1298 987 1361 victoria
1012 1305 1115 1359 aut
1140 1304 1330 1358 morte
1355 1296 1794 1371 honestissima,
1841 1294 2046 1376 quales
2073 1296 2286 1358 amicos
2313 1308 2370 1359 et

169 1386 255 1449 :35
276 1385 491 1449 milites
510 1384 843 1447 Alexander
858 1385 1093 1458 habeat,
1118 1383 1448 1445 ostendam.
1491 1383 1543 1444 N
1547 1401 1614 1443 ec
1635 1384 1802 1463 plura
1823 1378 2135 1462 eloquutus
2159 1402 2379 1463 equum

272 1472 339 1537 iu
360 1472 595 1535 hostem
622 1471 760 1549 egit.
824 1471 1113 1533 Crederes
1138 1469 1509 1550 imperatum,
1549 1480 1614 1531 ut
1639 1470 1798 1531 acies
1822 1476 2110 1550 utraeque
2121 1470 2251 1557 'tela
2275 1489 2366 1531 co-

273 1558 569 1622 hiberent.
623 1556 905 1619 Protinus
932 1565 1089 1618 certe
1114 1563 1492 1617 recesserunt
1523 1556 1662 1616 dato
1687 1555 1874 1616 libero
1900 1555 2115 1636 spatio,
2159 1554 2379 1619 intenti

274 1644 338 1706 in
366 1652 664 1718 eventum,
708 1661 832 1705 non
862 1644 1114 1705 duorum
1146 1643 1347 1716 modo,
1393 1641 1502 1703 sed
1533 1641 1705 1702 etiam
1735 1659 1876 1705 suae
1908 1641 2110 1718 sortiS,
2155 1642 2379 1723 quippe

166 1726 533 1801 &alienum
576 1728 896 1789 discrimen
938 1727 1265 1806 sequuturi.
1336 1726 1510 1789 Prior
1549 1726 1836 1789 barbarus
1875 1728 2075 1797 emisit
2123 1728 2379 1851 hastamq

278 1832 452 1894 quam
482 1813 751 1893 Erigyius
774 1813 1007 1874 modica
1032 1813 1238 1891 capitis
1261 1812 1657 1874 declinatione
1681 1813 1898 1889 vitavit,
1925 1822 2107 1894 atque
2129 1814 2264 1896 ipse
2286 1817 2366 1877 in-

278 1902 492 1962 festam
530 1898 812 1960 sarissam
845 1916 999 1979 equo
1030 1897 1354 1960 calcaribus
1383 1898 1614 1961 concito
1652 1899 1714 1962 in
1749 1900 1948 1964 medio
1975 1900 2219 1964 barbari
2247 1912 2366 1982 gut-

170 1983 258 2047 37
278 1994 411 2048 ture
438 1985 517 2046 ita
554 1984 697 2057 fixit,
750 1993 815 2046 ut
841 2003 951 2065 per
980 1985 1268 2046 cervicem
1296 1985 1602 2048 emineret.
1667 1987 2092 2068 Praecipitatus
2119 2007 2196 2051 ex
2224 1946 2382 2100 equo}

275 2073 565 2134 barbarus
608 2071 807 2132 adhuc
835 2079 1035 2132 tamen
1070 2071 1457 2149 repugnabat.
1529 2072 1648 2134 Sed
1689 2073 1784 2135 ille
1821 2080 2141 2136 extractam
2181 2093 2215 2135 e
2249 2075 2370 2136 vul-

273 2177 421 2222 nere
455 2159 684 2220 hastam
714 2173 925 2221 rursus
957 2156 1020 2218 in
1048 2175 1117 2218 os
1148 2155 1366 2236 dirigit.
1435 2157 1846 2220 Satibarzanes
1887 2159 2162 2239 [hastam]
2200 2173 2381 2222 manu*

168 2238 643 2325 &complexus
676 2263 793 2324 quo
818 2243 1102 2307 maturius
1124 2242 1408 2318 interiret,
1433 2243 1613 2306 ictum
1639 2246 1831 2307 hostis
1857 2246 2098 2309 adiuvit.
2143 2245 2220 2309 Et
2241 2249 2368 2309 bar-

272 2333 405 2395 bari
430 2332 583 2394 duce
610 2332 851 2405 amisso,
886 2350 1059 2411 quem
1094 2329 1284 2408 magis
1317 2331 1667 2393 necessitate
1694 2349 1871 2412 quam
1898 2341 2116 2414 sponte
2143 2332 2368 2414 sequuti

274 2427 461 2492 erant,
490 2428 635 2481 tunc
650 2419 815 2498 haud
838 2419 1220 2480 immemores
1241 2416 1593 2478 meritorum
1618 2418 1934 2481 Alexandri
1955 2437 2122 2482 arma
2145 2419 2369 2502 Erigyio

170 2497 254 2558 39
274 2503 538 2566 tradunt.
584 2503 709 2565 Rex
732 2504 827 2566 his
854 2504 1092 2583 quidem
1116 2505 1324 2577 laetuS,
1355 2503 1428 2564 de
1453 2503 1757 2584 Spartanis
1787 2505 2256 2588 haudquaquam
2283 2525 2368 2568 se-

275 2604 475 2662 curus,
517 2607 735 2668 magno
764 2599 963 2652 tamen
992 2591 1187 2652 animo
1221 2590 1516 2652 defectum
1547 2607 1754 2652 eorum
1781 2591 1929 2666 tulit,
1973 2592 2210 2669 dicens,
2257 2611 2370 2654 non

264 2683 417 2738 ,ante
438 2691 621 2737 ausos
646 2675 889 2736 consilia
913 2679 1159 2749 nudare,
1205 2693 1379 2758 quam
1417 2677 1614 2756 ipsum
1653 2677 1728 2739 ad
1753 2678 1904 2740 fines
1929 2677 2138 2741 Indiae
2165 2698 2372 2762 perve-

170 2751 257 2814 4θ
275 2761 439 2822 nisse
466 2760 904 2839 cognovissent.
969 2763 1105 2843 lpse
1128 2763 1381 2824 Bessum
1407 2781 1779 2844 persequens
1807 2763 2009 2846 copias
2033 2765 2247 2843 movit,
2290 2763 2372 2828 cui

268 2845 545 2944 Erigyius
572 2847 763 2928 spolia
798 2847 1036 2912 barbari
1070 2867 1179 2911 ceu
1210 2850 1476 2928 opimum
1507 2849 1645 2914 belli
1677 2849 1864 2914 decus
1896 2853 2252 2932 praeferens
2281 2871 2372 2914 oo-

272 2941 475 2995 currit.

216 3019 247 3081 l
448 3019 537 3081 Ca
546 3036 609 3099 p.
631 3020 699 3082 V.
741 3019 925 3100 Igitur
945 3017 1392 3084 Bactrianorum
1419 3022 1663 3102 regione
1685 3023 1976 3086 Artabazo
2002 3023 2230 3087 tradita
2257 3042 2374 3086 sar-

274 3105 440 3196 cinas
463 3113 521 3167 et
544 3105 968 3186 impedimenta
991 3103 1230 3167 ibicum
1251 3107 1546 3186 praesidio
1571 3108 1825 3190 reliquit.
1869 3109 2008 3191 lpse
2034 3129 2173 3174 cum
2200 3129 2374 3192 expe-

277 3193 402 3255 dito
440 3191 673 3272 agmine
706 3193 837 3254 loca
876 3193 1107 3254 deserta
1132 3193 1566 3272 Sogdianorum
1601 3195 1799 3272 intrat,
1841 3204 2140 3260 nocturno
2165 3197 2374 3259 itinere

216 3277 257 3339 2
275 3279 602 3342 exercitum
632 3280 875 3341 ducens.
920 3279 1239 3357 Aquarum‚
1275 3288 1343 3341 ut
1368 3288 1505 3342 ante
1530 3280 1751 3345 dictum
1779 3293 1888 3359 est,
1925 3285 2182 3363 penuria
2213 3281 2374 3366 prius

276 3366 695 3446 desperatione
730 3383 903 3446 quam
933 3363 1228 3426 desiderio
1261 3363 1506 3430 bibendi
1535 3364 1694 3432 sitim
1727 3369 2014 3435 accendit.
2081 3369 2208 3434 Per
2235 3387 2378 3432 cccc

216 3448 259 3510 3
278 3451 469 3514 stadia
492 3471 569 3514 ne
590 3453 861 3515 modicus
890 3451 1126 3532 quidem
1157 3451 1376 3516 humor
1413 3453 1628 3518 existit.
1647 3459 1670 3490 “·
1697 3455 1921 3518 Arenae
1949 3475 2144 3538 vapor
2169 3452 2379 3520 aestivi

228 3537 423 3598 ¹Uselis
450 3541 749 3604 accendit:
794 3557 945 3620 quae
970 3539 1071 3602 ubi
1104 3541 1733 3625 flagrare.coeperunt,
1772 3543 1934 3606 haud
1975 3561 2156 3607 secus
2197 3559 2378 3624 quam

216 3619 263 3678 4
282 3623 909 3691 continentiincendio
944 3634 1153 3691 cuncta
1182 3637 1504 3692 torrentur.
1571 3629 1768 3712 Caligo
1795 3629 2010 3694 deinde
2047 3629 2380 3694 immodico

193 2913 215 2930 ¹,
