2417 3900
265 50 367 146 sd
705 78 809 142 nn
853 78 1120 143 cesus
1164 79 1597 143 inexilium
1639 76 1882 139 MAGNI

270 220 398 267 non
425 198 684 275 hercuhc,
709 198 844 279 «mia
871 206 1038 263 tanto
1063 200 1297 263 honore
1318 200 1481 279 digni
1505 198 1817 273 habentur,
1846 194 1954 259 sed
1978 201 2045 257 ut
2068 198 2385 276 praemiis

271 305 480 351 corum
509 284 687 346 vestri
717 285 1103 348 sollicitentur
1126 286 1326 349 animi.
1382 286 1573 347 Meam
1606 293 1805 346 tamen
1838 284 2140 345 fortunam
2178 302 2385 365 quam

197 376 208 391 ⁸
245 371 510 447 ,victoris
539 371 828 434 manantis
853 373 1042 455 sequi,
1079 372 1427 452 dignissimi,
1464 372 1699 453 quibus,
1736 368 1787 431 si
1814 388 1925 449 ego
1952 388 2077 431 non
2104 372 2381 450 possim,

170 460 352 533 lodii
385 477 494 540 pro
517 473 615 519 mc
643 458 889 537 gratiam
921 460 1198 523 referant.
1259 460 1335 522 Et
1356 458 1694 520 mehercule
1715 458 1991 518 reserent.
2048 454 2229 517 Nulla
2258 456 2385 518 erit

267 558 390 611 tam
419 544 601 607 surda
624 545 956 625 posteritas,
981 544 1141 607 nulla
1171 554 1290 608 tam
1324 546 1557 625 ingrata
1586 546 1759 617 fama,
1793 560 1943 623 quae
1976 560 2099 603 non
2128 542 2195 604 in
2228 562 2382 604 coe-

267 634 394 696 lum
417 650 526 693 vos
555 631 768 693 debitis
796 632 1076 693 laudibus
1093 633 1259 695 ferat.

396 717 622 817 ltaque,
643 718 877 779 etiamsi
905 718 1213 779 consilium
1234 719 1425 797 fugae,
1447 735 1481 777 a
1507 734 1623 796 qua
1645 714 1897 777 multum
1921 713 2211 775 abhorret
2238 714 2379 773 ani-

269 820 423 877 mus,
451 812 782 882 agitassem,
811 812 1004 866 vestra
1029 812 1233 865 tamen
1252 803 1468 865 virtute
1494 804 1680 864 fretus
1709 800 1940 863 obviam
1967 799 2157 861 issem
2181 799 2377 861 hosti.

173 905 252 967 11
274 888 600 968 Quousque
635 889 882 951 enimin
914 908 1102 970 regno
1131 890 1417 952 exsulabo
1449 896 1509 950 et
1540 886 1828 969 perfines
1858 884 2092 966 imperii
2124 886 2249 947 mei
2279 887 2380 947 fu-

273 974 431 1055 ffl'am
449 981 758 1037 externum
781 983 842 1037 et
859 977 1146 1037 advenam
1165 994 1386 1055 regem,
1407 993 1589 1055 quum
1615 972 1787 1035 liceat
1810 980 2055 1052 experto
2074 972 2215 1031 belli
2240 973 2381 1032 for-

272 1070 478 1125 tunam
513 1070 618 1122 aut
650 1079 950 1141 reparare,
990 1080 1142 1142 quac
1177 1062 1364 1137 amisi,
1406 1069 1507 1123 aut
1548 1062 1797 1121 honesta
1837 1066 2027 1120 morte
2060 1056 2320 1136 defungi
2342 1055 2382 1118 ἵ

176 1160 259 1223 121
273 1146 400 1209 Nisi
434 1147 588 1209 forte
624 1147 810 1209 satius
849 1157 939 1211 est
971 1157 1313 1229 exspectare
1343 1146 1580 1209 victoris
1615 1144 1922 1207 arbitrium
1955 1153 2013 1206 et
2040 1142 2266 1207 Mazaei
2316 1152 2383 1205 et

149 1259 160 1307 ‘.
275 1232 582 1295 Mithrenis
619 1236 888 1315 exemplo
917 1234 1253 1315 precarium
1288 1233 1557 1313 accipere
1587 1250 1838 1311 regnum
1871 1230 2129 1293 nationis
2159 1229 2377 1303 uniuS,

177 1330 258 1393 13
277 1318 484 1382 utiam
507 1318 672 1382 malit
699 1321 798 1383 ille
824 1322 1044 1401 gloriae
1069 1338 1210 1383 suae
1246 1336 1423 1401 quam
1458 1319 1577 1380 irae
1612 1318 1883 1397 obsequi.
1940 1317 2065 1379 Nec
2098 1314 2183 1377 dii
2212 1315 2375 1377 sive-

273 1404 414 1479 rint,
431 1413 499 1466 ut
519 1406 638 1467 hoc
655 1407 838 1469 decus
855 1408 972 1468 mei
995 1408 1202 1487 capitis
1221 1415 1321 1468 aut
1342 1407 1581 1467 demere
1600 1404 1744 1465 mihi
1762 1402 2075 1485 quisquam
2100 1412 2206 1463 aut
2225 1421 2373 1463 con-

275 1490 504 1553 donare
535 1492 754 1571 possit:
787 1509 902 1555 nec
932 1495 1048 1555 hoc
1071 1493 1387 1573 imperium
1420 1491 1588 1552 vivus
1620 1488 1899 1563 amittam,
1941 1490 2225 1569 idemque
2262 1488 2373 1549 erit

178 1584 260 1647 14
275 1577 448 1656 regni
479 1577 614 1650 mei,
653 1579 755 1659 qui
787 1580 1048 1659 spirituS,
1083 1579 1240 1640 finis·
1302 1578 1371 1639 Si
1394 1577 1493 1639 hic
1528 1575 1777 1652 animuS,
1814 1574 1865 1637 si
1896 1576 2044 1637 haec
2077 1576 2193 1648 lex,
2229 1573 2371 1635 nulli

277 1681 401 1724 non
443 1672 614 1742 parta
654 1665 892 1727 libertas
939 1674 1064 1725 est:
1103 1682 1281 1724 nemo
1332 1682 1369 1724 e
1404 1663 1574 1725 vobis
1612 1662 1914 1725 fastidium
1952 1662 2367 1731 Macedonum,

277 1766 458 1810 nemo
492 1751 712 1811 vultum
749 1751 1070 1831 superbum
1107 1752 1266 1810 ferre
1306 1756 1571 1828 cogetur.
1628 1750 1749 1810 Sua
1776 1749 1992 1829 cuique
2018 1749 2231 1809 dextra
2272 1754 2370 1807 aut

181 1842 264 1905 15
277 1833 564 1897 ultionem
589 1845 676 1901 tot
697 1837 986 1897 malorum
1023 1834 1213 1916 pariet
1244 1844 1345 1896 aut
1369 1836 1571 1897 finem.
1623 1834 1931 1915 Equidem,
1960 1851 2134 1914 quam
2162 1850 2364 1894 versa-
2406 1840 2408 1845 “

279 1920 416 1985 bilis
438 1922 676 1984 fortuna
699 1921 796 1996 sit,
825 1922 1244 1985 documentum
1274 1921 1405 2002 ipse
1432 1939 1588 1984 sum.
1631 1920 1756 1983 Nec
1782 1920 2077 1983 immerito
2102 1918 2365 1982 mitiores

279 2007 440 2070 vices
463 2008 588 2070 eius
612 2016 909 2087 exspecto.
957 2009 1075 2070 Sed
1104 2009 1153 2070 si
1179 2008 1331 2070 iusta
1356 1997 1427 2069 ac
1448 2009 1545 2088 pia
1571 2008 1725 2070 bella
1750 2007 1831 2069 dii
1852 2017 2221 2081 aversantur,
2248 2007 2365 2068 for-

185 2101 269 2163 16
281 2093 440 2157 tibus
467 2103 668 2154 tamen
694 2093 831 2154 vlris
860 2095 1060 2157 licebit
1081 2095 1337 2156 honeste
1364 2095 1535 2156 mori.
1580 2095 1699 2156 Per
1723 2111 1833 2174 ego
1861 2111 1968 2162 vos
1998 2093 2217 2155 decora
2242 2111 2363 2156 ma-

281 2181 494 2253 iorum,
517 2180 615 2260 qui
635 2179 812 2242 totius
833 2181 1075 2242 orientis
1098 2197 1281 2260 regna
1300 2199 1431 2242 cum
1450 2180 1817 2242 memorabili
1836 2179 2011 2242 laude
2028 2187 2361 2250 tenuerunt,

282 2266 541 2347 perillos
558 2264 746 2340 viros,
767 2267 982 2346 quibus
1011 2267 1371 2346 stipendium
1392 2267 1738 2330 Macedonia
1760 2269 2061 2346 quondam
2090 2265 2239 2340 tulit,
2266 2284 2364 2346 per

285 2361 374 2435 tot
403 2351 638 2412 navium
669 2352 887 2415 classes
919 2354 982 2415 in
1012 2353 1315 2415 Graeciam
1349 2354 1581 2428 missas,
1618 2369 1731 2433 per
1760 2362 1850 2416 tot
1878 2362 2121 2434 tropaea
2163 2369 2363 2431 regum

289 2455 398 2498 oro
433 2445 490 2496 et
529 2437 811 2514 obtestor,
849 2450 916 2502 ut
956 2439 1258 2502 nobilitate
1296 2447 1491 2500 vestra
1529 2439 1837 2520 gentisque
1876 2437 2091 2518 dignos
2128 2439 2363 2519 spiritus

190 2527 268 2589 17
287 2522 548 2602 capiatis,
585 2531 650 2584 ut
683 2527 890 2586 eadem
919 2526 1249 2587 constantia
1278 2525 1627 2598 animorum,
1668 2543 1783 2606 qua
1808 2526 2126 2606 praeterita
2152 2525 2361 2586 tolera-

290 2607 416 2681 stis,
443 2609 842 2688 experiamini,
875 2611 1157 2692 quidquid
1185 2611 1403 2673 deinde
1429 2613 1549 2672 fors
1574 2611 1790 2673 tulerit.
1836 2609 1931 2672 Me
1960 2617 2122 2674 certe
2146 2613 2207 2674 in
2236 2631 2363 2692 per-

215 2711 222 2716 ·
287 2702 533 2774 petuum
560 2704 660 2757 aut
685 2697 925 2758 victoria
951 2697 1186 2776 egregia
1214 2697 1548 2761 nobilitabit
1568 2706 1671 2760 aut
1696 2713 1912 2779 pugna.

234 2784 267 2845 1
419 2781 580 2860 Cap.
613 2782 713 2844 lx.
785 2784 944 2844 Haec
981 2783 1211 2846 dicente
1232 2785 1424 2846 Dareo
1466 2785 1796 2865 praesentis
1841 2781 2092 2864 periculi
2140 2781 2359 2862 species

223 2877 230 2882 '
289 2865 554 2929 omnium
577 2869 751 2932 simul
775 2870 955 2930 corda
984 2871 1329 2950 animosque
1364 2871 1613 2932 horrore
1642 2871 2089 2952 perstrinxerat,
2128 2885 2247 2930 nec
2280 2877 2358 2929 aut

293 2953 602 3014 consilium
633 2956 988 3035 suppetebat
1019 2965 1119 3018 aut
1147 2972 1261 3017 vox
1280 3005 1295 3031 ,
1336 2973 1518 3036 quum
1550 2958 1893 3033 Artabazus,
1934 2953 2357 3018 vetustissimus

293 3039 634 3114 amicorum,
669 3060 843 3122 quem
874 3043 1172 3122 hospitem
1210 3043 1398 3104 fuisse
1427 3043 1683 3124 Philippi
1718 3059 1898 3125 saepe
1936 3043 2219 3115 diximus,
2256 3043 2357 3103 Nos

295 3143 459 3200 vero,
492 3127 698 3206 inquit,
733 3129 1156 3208 pretiosissime
1183 3129 1431 3191 vestium
1458 3130 1645 3192 induti
1675 3131 1975 3211 armisque
2002 3139 2231 3208 quanto
2253 3149 2306 3190 m

295 3212 454 3274 ximo
502 3214 660 3276 cultu
701 3215 1032 3295 possumus
1065 3216 1335 3277 adornati
1374 3233 1573 3295 regem
1620 3217 1682 3277 in
1722 3217 1903 3278 aciem
1944 3233 2273 3295 sequemur

299 3299 536 3379 quidem
561 3308 777 3376 mente,
803 3299 1104 3363 victoriam
1135 3309 1200 3362 ut
1225 3317 1553 3381 speremus,
1576 3313 1827 3365 mortem
1856 3319 1980 3364 non
2006 3319 2321 3365 recusemu

237 3387 563 3450 Masonsa
597 3404 882 3468 excepere
917 3387 1094 3448 ceteri
1129 3387 1286 3448 hanc
1313 3405 1536 3451 vocem.
1572 3390 1711 3450 ‘Sed
1740 3389 2139 3463 Nabarzanes,
2177 3390 2282 3470 qui
2316 3389 2326 3398 '

303 3476 514 3537 eodem
544 3475 789 3538 consilio
817 3481 942 3534 erat
964 3492 1095 3536 cum
1116 3474 1304 3536 Besso
1330 3473 1573 3537 inauditi
1600 3483 1768 3538 antea
1792 3475 2069 3537 facium-is
2092 3477 2337 3538 societa

305 3561 472 3639 mita,
489 3579 691 3644 regem
717 3576 889 3624 suum
913 3575 1022 3640 per
1041 3560 1273 3635 milites,
1306 3559 1519 3641 quibus
1546 3562 1719 3624 ambo
1744 3567 2074 3643 praeerant,
2100 3579 2283 3644 comp
