2417 3900
179 71 262 134 7⁰
643 72 742 136 DE
788 72 1050 136 GESTIS
1092 68 1526 134 ALEXANDRI
1566 71 1807 140 MAGNI

76 193 160 255 29
183 191 535 274 exciperent.
581 190 784 254 Coctili
817 190 1096 254 laterculo
1121 190 1327 252 stmcti
1355 199 1525 252 sunt:
1568 199 1761 252 totum
1788 209 1939 270 opus
1966 191 2269 254 bitumine

179 277 542 356 astringitur.
626 279 790 340 Pons
825 277 1111 356 lapideus,
1147 276 1377 340 flumini
1413 277 1755 358 imposituri,
1793 277 1985 356 iungit
2022 277 2267 341 urbem.

175 361 288 430 Hic
311 355 546 446 quoque
562 360 717 427 inter
739 362 1026 427 mirabilia
1049 361 1293 426 orientis
1314 381 1496 442 opera
1522 369 1861 426 numeratus
1880 374 2001 425 est:
2032 363 2267 444 quippe

175 447 508 530 Euphrates
543 449 724 514 altum
757 449 961 513 limum
978 449 1169 524 .vehit,
1207 468 1327 528 quo
1358 450 1593 529 penitus
1634 450 1708 511 ad
1749 451 2135 510 mndamenta
2172 449 2267 510 ia-

75 551 161 614 30
175 535 387 612 cienda
414 543 615 614 egesto
642 537 736 597 vix
755 535 1054 598 fulciendo
1081 535 1251 615 operi
1278 537 1511 598 firmum
1538 535 1843 616 reperiunt
1868 537 2094 610 solum3
2124 553 2265 596 are-
2377 561 2378 564 ¹

175 641 289 686 nae
316 628 512 683 autem
555 619 809 684 subinde
845 623 1174 684 cumulatae
1190 629 1261 704 'et
1284 621 1457 696 saxis,
1486 621 1701 701 quibus
1728 641 1883 702 pons
1911 621 2265 696 sustinetur,
2377 645 2378 700 j

177 709 444 770 adnexae
478 716 785 770 morantur
817 725 1071 781 amnem,
1105 707 1207 788 qui
1240 714 1505 769 retentus
1541 709 1754 781 acriuS,
1790 724 1965 787 quam
1990 708 2042 768 si
2068 707 2262 769 libero

180 811 359 859 cursu
388 802 626 868 mearet,
653 794 914 856 illiditur.

73 890 159 953 31
307 878 516 940 Arcem
541 897 775 958 quoque
799 878 1024 940 ambitu
1051 895 1129 938 xx
1154 876 1359 938 stadia·
1378 877 1741 956 complexam
1768 877 1981 938 habet:
2010 895 2126 938 xxx
2152 897 2262 958 pe—

181 965 286 1028 des
311 964 373 1024 in
405 973 620 1026 terram
649 964 898 1028 turrium
923 964 1307 1024 fundamenta
1329 959 1587 1024 demissa
1610 972 1769 1037 sunt,
1796 963 1871 1024 ad
1899 980 2060 1024 Lxxx
2092 983 2262 1024 sum-

73 1059 160 1122 32
178 1069 343 1111 mum
387 1049 737 1114 munimenti
771 1049 1069 1127 fastigium
1105 1048 1395 1128 pervenit.
1490 1049 1683 1130 Super
1721 1067 1917 1112 arcem
1960 1051 2262 1128 vulgatum

181 1135 544 1198 Graecorum
593 1135 806 1198 fabulis
847 1135 1217 1208 miraculum,
1256 1133 1523 1215 pensiles
1564 1136 1722 1197 horti
1766 1145 1922 1209 sunt,
1966 1143 2262 1196 summam

179 1241 484 1284 murorum
508 1221 873 1286 altitudinem
899 1228 1240 1301 aequantes,
1264 1221 1701 1301 multarumque
1736 1223 2013 1284 arborum
2044 1221 2262 1282 umbra

75 1316 161 1380 33
183 1315 240 1368 et
263 1308 618 1386 proceritate
643 1309 896 1374 amoeni.
969 1308 1126 1370 Saxo
1159 1306 1333 1388 pilae,
1364 1325 1515 1386 quae
1545 1316 1733 1369 totum
1764 1325 1917 1369 onus
1944 1307 2260 1380 sustinent,

177 1392 499 1455 instructae
529 1404 685 1470 sunt,
711 1387 891 1474 super
923 1394 1073 1474 pilas
1099 1393 1296 1473 lapide
1324 1394 1609 1474 quadrato
1647 1394 1841 1456 solum
1872 1400 2123 1453 stratum
2152 1401 2261 1467 est,

177 1479 412 1560 patiens
439 1487 650 1556 terrae,
679 1499 855 1560 quam
879 1482 1048 1542 altam
1075 1479 1363 1553 iniiciunt,
1386 1491 1446 1542 et
1468 1478 1752 1552 humoriS‚
1781 1497 1896 1559 quo
1920 1477 2120 1556 rigant
2146 1489 2265 1538 ter-

178 1584 308 1627 ras:
341 1566 609 1645 adeoque
635 1566 856 1630 validas
881 1567 1126 1628 arbores
1153 1565 1450 1628 sustinent
1470 1567 1681 1639 melec,
1708 1574 1774 1628 ut
1798 1563 2029 1644 stipites
2064 1583 2267 1644 earum

180 1668 289 1712 vm
315 1651 643 1714 cubitorum
671 1652 926 1732 spatium
953 1650 1342 1714 crassitudine
1366 1661 1635 1731 aequent,
1661 1651 1723 1714 in
1755 1669 1791 1711 ι
1820 1651 2041 1731 pedum
2068 1651 2265 1713 altitu-

185 1735 382 1798 dinem
425 1736 721 1798 emineant
763 1737 1198 1817 frugiferaeque
1234 1737 1373 1810 sint,
1408 1747 1471 1798 ut
1510 1737 1564 1798 si
1603 1740 1762 1799 terra
1798 1740 1908 1799 sua
1948 1737 2265 1799 alerentur.

81 1837 166 1900 34
183 1821 258 1883 Et
283 1840 465 1901 quum
484 1831 742 1883 vetustas
769 1841 892 1884 non
917 1841 1101 1902 opera
1129 1822 1321 1885 solum
1346 1841 1527 1884 manu
1552 1823 1719 1897 faeta,
1746 1824 1853 1885 sed
1878 1823 2049 1884 etiam
2073 1822 2267 1902 ipsam

181 1916 450 1971 naturam
489 1908 769 1989 paulatim
794 1909 1098 1973 exedendo
1127 1909 1409 1991 perimat:
1448 1907 1596 1971 haec
1618 1910 1827 1983 moleS,
1864 1927 2016 1990 quae
2048 1917 2137 1971 tot
2172 1928 2267 1971 ar-

183 1990 397 2057 borum
449 1994 744 2059 radicibus
789 1995 1073 2075 premitur
1115 1995 1377 2075 tantique
1416 1996 1675 2057 nemoris
1716 1998 1983 2075 pondere
2020 2005 2267 2057 onerata

187 2090 296 2154 est,
330 2080 605 2147 inviolata
635 2082 834 2156 durat3
864 2082 1082 2161 quippe
1115 2100 1194 2145 xx
1219 2081 1321 2143 lati
1359 2080 1613 2160 parietes
1640 2082 1957 2155 sustinent,
1986 2081 2265 2143 undecim

185 2164 408 2245 pedum
425 2168 731 2232 intervallo
759 2168 1062 2242 distanteS‚
1081 2173 1146 2230 ut
1169 2168 1379 2247 procul
1402 2166 1727 2229 visentibus
1752 2168 1932 2230 silvae
1959 2166 2266 2230 montibus

83 2262 166 2327 35
188 2250 310 2315 suis
344 2250 651 2318 imminere
690 2255 1020 2317 videantur.
1093 2253 1295 2332 Syriae
1330 2272 1535 2331 regem
1572 2252 1877 2335 Babylene
1916 2260 2269 2335 regnantem

185 2338 301 2401 hoc
331 2358 480 2417 opus
510 2358 644 2403 esse
669 2341 934 2403 molitum
960 2338 1277 2401 memoriae
1306 2340 1607 2419 proditum
1634 2351 1741 2413 est,
1770 2352 1972 2402 amore
1998 2337 2266 2418 coniugis

184 2424 418 2497 victum,
459 2443 610 2503 quae
642 2425 936 2487 desiderio
969 2444 1283 2487 nemorum
1318 2426 1713 2507 silvarumque
1737 2426 1798 2485 in
1826 2426 2261 2505 campestribus

185 2508 330 2572 locis
380 2508 570 2571 virum
608 2511 890 2589 compulit
916 2512 1328 2574 amoenitatem
1362 2519 1609 2574 naturae
1642 2530 1858 2591 genere
1891 2507 2097 2574 huius»
2118 2528 2267 2591 ope-

85 2602 169 2665 36
187 2594 268 2654 ris
308 2593 539 2655 imitari.
627 2596 856 2657 Diutius
889 2596 952 2657 in
989 2599 1104 2659 hac
1142 2596 1291 2659 urhe
1342 2615 1516 2676 quam
1558 2614 1805 2677 usquam
1851 2598 2113 2659 constitit
2134 2620 2143 2631 ¹
2164 2615 2263 2659 rex

187 2698 300 2739 nec
347 2678 458 2741 alio
497 2682 628 2741 loco
682 2680 1026 2761 disciplinae
1075 2682 1311 2745 militari
1359 2683 1545 2762 magis
1594 2683 1813 2746 nocuit.
1899 2682 2057 2745 Nihil
2103 2682 2263 2747 urbis

189 2765 313 2827 eius
375 2766 708 2847 corruptius
765 2766 1031 2829 moribus
1051 2815 1067 2841 ,
1125 2768 1277 2831 nihil
1324 2770 1399 2831 ad
1448 2770 1761 2832 irritandas
1818 2761 2259 2859 illiciendasque

85 2858 170 2924 37
188 2848 534 2913 immodicas
577 2853 903 2932 voluptates
947 2853 1311 2919 instructius.
1401 2854 1649 2917 Liberos
1684 2855 2093 2935 coniugesque
2136 2862 2267 2919 cum

188 2934 518 3015 hospitibus
553 2953 757 3019 stupro
790 2939 964 3015 coire,
1001 2941 1183 3003 modo
1219 2940 1477 3022 pretium
1510 2940 1713 3019 flagi-tii
1746 2942 1949 3011 detur,
1986 2934 2269 3026 parentes

188 3020 494 3103 maritique
545 3025 864 3105 patiuntur.
962 3026 1307 3091 Convivales
1363 3027 1491 3091 ludi
1542 3035 1669 3090 tota
1718 3028 1965 3089 Perside
2026 3029 2281 3110 regibus

189 3108 643 3207 purpuratisque
671 3112 835 3175 cordi
861 3112 1361 3194 sunt3Babylonii
1398 3113 1651 3177 maxime
1689 3114 1753 3175 in
1784 3112 2003 3187 vinum,
2026 3126 2087 3175 et
2118 3110 2280 3193 quae?

86 3208 174 3273 38
190 3194 530 3259 ebrietatem
567 3206 912 3277 sequuntur,
943 3198 1113 3261 effusi
1149 3208 1310 3261 sunt.
1352 3198 1728 3261 Feminarum
1768 3200 2031 3261 convivia
2054 3200 2306 3281 iacun-³=

172 3282 334 3345 'tium
380 3282 442 3345 in
493 3282 778 3365 principio
823 3284 1134 3349 modestus
1183 3292 1277 3345 est
1316 3284 1569 3359 habitus,
1614 3286 1756 3347 dein
1805 3303 2035 3349 summa
2084 3277 2318 3364 quae-'

193 3386 304 3447 que
340 3368 587 3433 amicula
619 3377 839 3433 exuunt
860 3370 1283 3451 paullatimque
1317 3366 1607 3450 pudorem
1650 3372 1982 3451 profanant,
2014 3371 2089 3431 ad
2130 3370 2273 3429 ulti-

191 3470 350 3515 mum
404 3454 626 3535 (honos
673 3454 912 3521 auribus
961 3456 1198 3519 habitus
1252 3454 1361 3531 sit)
1405 3456 1523 3519 ima
1578 3474 1893 3535 corporum
1936 3457 2272 3517 velamenta

195 3538 524 3609 nroiiciunt.
579 3544 704 3609 Nec
727 3542 1106 3609 meretricum
1127 3542 1247 3609 hoc
1272 3541 1531 3611 dedecus
1565 3548 1679 3616 est,
1714 3540 1829 3605 sed
1860 3555 2271 3604 matronarum

2256 3739 2323 3839 A-

1248 3706 1258 3713 .
1276 3705 1397 3714 ..-η-..-
1417 3703 1448 3712 -u
1459 3699 1523 3713 ,ι-
1555 3700 1617 3711 --n
