2417 3900
554 146 696 211 LIB.
738 148 837 211 vl.
867 146 1019 229 (lv.)
1064 148 1224 210 GAP.
1267 149 1414 211 vm.
1459 146 1710 210 7-26,
2060 144 2182 208 109

106 266 345 329 sidere
326 264 492 340 iussi,
528 287 603 329 ne
637 267 769 347 quis
793 268 869 328 ad
894 266 1367 341 Parmenionem,
1404 266 1648 345 quitum
1673 264 1899 327 Mediae
1925 265 2186 345 magnis-

104 373 217 433 que
257 352 442 451 copiis
484 362 781 452 praeerat,
830 352 1091 413 occultus
1130 352 1420 413 evaderet.
1480 351 1780 416 Atharrias
1821 358 2011 412 autem
2052 349 2286 414 cum19

98 438 385 499 trecentis
421 438 663 499 armatis
700 437 1019 498 intraverat
1051 436 1304 514 regiam.
1347 435 1484 496 huic
1520 438 1725 498 decem
1761 432 2039 497 satellites
2063 448 2187 499 tra-

99 526 353 596 duntur,
408 540 659 619 quorum
702 522 965 601 singulos
1007 522 1142 583 deni
1186 520 1459 600 armigeri
1500 523 1921 602 sequebantur.
1999 520 2073 581 Hi
2113 518 2290 585 adzo

96 611 250 669 alios
299 607 643 669 coniuratos
694 609 1286 687 comprehendendos
1332 606 1622 669 distributi
1665 618 1830 670 sunt:
1887 603 2189 669 Atharriae

94 712 238 755 cum
262 685 547 755 trecentis
574 694 643 754 ad
664 694 953 755 Philotam
974 694 1187 754 missus
1217 692 1478 753 clausum
1505 692 1725 753 aditum
1749 682 1958 755 domus
1981 692 2191 754 molie-

93 780 306 853 batur,
333 778 765 874 quinquaginta
799 779 1071 840 iuvenum
1109 772 1572 859 promptissimis
1609 777 1884 858 stipatus3
1923 796 2062 839 nam
2088 796 2191 840 ce-

96 875 273 925 teros
299 862 531 941 cingere
553 864 807 945 undique
830 864 1070 926 domum
1091 866 1362 937 iusserat,
1398 883 1472 923 ne
1498 866 1725 925 occulto
1749 864 1909 925 aditu
1927 865 2186 926 Philotas

93 957 317 1030 posset
342 949 510 1010 elabi.
572 950 737 1011 lllum
772 951 893 1012 sive
928 950 1240 1013 securitate
1279 950 1460 1010 animi
1495 950 1616 1010 sive
1641 950 1980 1029 fatigatione
2016 968 2187 1012 reso-
2205 950 2290 1015 21

88 1037 290 1097 lutum
328 1052 573 1096 somnus
618 1046 1019 1116 oppresserat,
1066 1055 1240 1115 quem
1271 1036 1568 1097 Atharrias
1612 1044 1944 1115 torpentem
1987 1038 2188 1101 adhuc

89 1126 367 1199 occupat.
428 1122 694 1183 Tandem
721 1122 774 1183 ei
793 1142 1012 1202 sopore
1032 1123 1301 1183 discusso
1323 1140 1500 1219 quum
1524 1121 1903 1182 iniicerentur
1924 1130 2184 1193 catenae,
2203 1120 2290 1183 22

87 1204 263 1279 Vicit,
282 1202 488 1285 inquit,
505 1206 830 1269 bonitatem
852 1220 1031 1279 tuam,
1051 1224 1171 1281 rex,
1193 1207 1566 1267 inimicorum
1586 1224 1852 1265 meorum
1873 1205 2184 1265 acerbitas,

87 1292 221 1353 Nec
244 1292 413 1370 plura
448 1293 706 1353 locutum
746 1294 936 1371 capite
972 1292 1214 1352 velato'
1194 1309 1259 1351 ln
1294 1292 1516 1367 regiam
1553 1290 1871 1350 adducunt.
1936 1290 2185 1350 Postero
2207 1270 2292 1351 23

89 1376 195 1437 die
238 1394 342 1437 rex
378 1376 575 1447 edixit,
626 1394 835 1436 omnes
874 1376 1081 1436 armati
1120 1376 1362 1435 coirent.
1435 1374 1550 1433 Sex
1585 1374 1740 1433 milia
1781 1375 1902 1432 fere
1945 1374 2190 1435 militum

88 1468 415 1533 venerant3
455 1469 756 1537 praeterea
796 1459 964 1520 turba
992 1460 1236 1519 lixarum
1263 1461 1652 1537 calonumque
1689 1459 2073 1537 impleverant
2093 1476 2190 1520 re-

90 1548 277 1627 giam.
341 1544 637 1605 Philotam
659 1545 933 1623 armigeri
957 1544 1189 1622 agmine
1217 1562 1324 1604 suo
1348 1541 1640 1621 tegebant,
1669 1562 1744 1603 ne
1767 1552 1902 1603 ante
1931 1544 2192 1622 conspici
2209 1540 2294 1603 24

87 1638 311 1713 posset
334 1646 369 1689 a
398 1630 594 1707 vulgo,
622 1646 797 1709 quam
823 1650 927 1691 rex
960 1631 1290 1709 alloquutus
1316 1628 1530 1689 milites
1571 1637 1747 1689 esset.
1816 1629 1901 1690 De
1926 1628 2191 1707 capitali·
2208 1627 2292 1688 25

87 1720 217 1779 bus
258 1714 443 1776 rebus
486 1722 715 1776 vetusto
753 1716 1143 1777 Macedonum
1178 1714 1354 1775 modo
1397 1713 1730 1793 inquirebat
1764 1714 2079 1789 exercitus»,
2125 1714 2190 1775 in
2277 1722 2284 1731 '

37 1810 39 1813 ’
88 1818 251 1881 pace
277 1806 405 1859 erat
434 1800 621 1879 vulgi;
665 1810 723 1861 et
745 1801 887 1863 nihil
924 1809 1188 1883 potestas
1229 1818 1433 1878 regum
1465 1800 1709 1871 valebat,
1751 1800 1865 1861 nisi
1898 1800 2062 1879 prius
2087 1817 2191 1861 va-

85 1886 311 1950 luisset
336 1886 672 1947 auctoritas.
720 1888 901 1967 Igitur
918 1884 1113 1949 Dimni
1136 1886 1388 1968 primum
1413 1886 1664 1946 cadaver
1685 1886 1948 1962 infertur,
1975 1886 2190 1968 pleris-
2206 1889 2294 1954 26

88 1989 236 2053 que,
267 1971 406 2048 quid
433 1981 727 2050 patrasset
754 1993 942 2053 quove
970 1993 1110 2034 casu
1138 1973 1460 2034 exstinctus
1491 1981 1664 2046 esset,
1691 1973 1934 2051 ignaris.

228 2055 389 2135 Cap.
424 2057 523 2118 lx.
568 2059 694 2120 Rex
732 2059 946 2120 deinde
984 2061 1045 2120 in
1096 2060 1442 2119 concionem
1483 2059 1766 2135 procedit,
1810 2059 1972 2118 vultu
2011 2061 2249 2138 prae-1

88 2145 300 2204 ferens
338 2141 600 2204 dolorem
642 2145 837 2207 animi.
903 2145 1238 2205 Amicorum
1283 2161 1518 2220 quoque
1552 2142 1838 2202 maestitia
1881 2150 2190 2220 exspecta-

86 2229 321 2289 tionem
358 2228 519 2288 haud
558 2247 797 2307 parvam
837 2231 925 2289 rei
966 2230 1197 2291 fecerat.
1263 2227 1375 2286 Diu
1416 2243 1526 2287 rex
1561 2225 1852 2284 demisso
1847 2225 1925 2283 in
1967 2227 2249 2287 terram2

86 2313 263 2373 vultu
285 2313 532 2373 attonito
562 2315 940 2391 stupentique
964 2312 1165 2372 similis
1188 2309 1368 2371 stetit.
1411 2309 1680 2370 Tandem
1707 2316 1950 2386 recepto
1971 2308 2190 2394 animo,

86 2399 327 2471 Paene,
380 2397 602 2476 inquit,
660 2398 903 2471 milites,
966 2396 1330 2476 [paucorum]
1377 2394 1684 2455 hominum
1739 2394 1962 2454 scelere
2023 2392 2200 2454 vobis

88 2490 340 2564 ereptus
384 2501 535 2544 sum.
616 2485 805 2544 Deum
850 2445 1218 2562 p’rovidentia
1269 2489 1326 2540 et
1366 2479 1769 2540 misericordia
1813 2479 1964 2539 vivo.
2035 2479 2192 2541 Con-

90 2576 458 2648 spectusque
496 2569 678 2630 vestri
718 2568 1064 2630 venerahilis
1110 2567 1283 2644 cogit,
1332 2573 1394 2627 ut
1435 2565 1840 2630 vehementius
1882 2565 2191 2645 parricidh

91 2655 415 2728 irascerer,
456 2655 731 2734 quoniam
758 2655 1022 2735 spirituS,
1063 2653 1246 2714 immo
1270 2669 1428 2713 unus
1455 2652 1606 2712 vitae
1633 2669 1799 2712 meae
1825 2652 2050 2712 fructus
2077 2660 2186 2726 est,

88 2747 189 2801 tot
200 2738 533 2802 fortissimis
552 2742 690 2802 viris
706 2751 767 2803 et
794 2743 869 2803 de
887 2759 981 2803 me
1006 2739 1229 2821 optime
1246 2739 1472 2799 >meritis
1493 2739 1711 2799 referre
1730 2738 1924 2798 adhuc
1943 2738 2189 2821 gratiam

91 2841 306 2905 posse.
365 2825 687 2906 Interrupit
710 2827 1037 2890 orationem
1068 2825 1314 2888 militum
1343 2825 1612 2903 gemitum,
1653 2824 2012 2902 obortaeque
2048 2825 2248 2892 sunta

94 2908 377 2971 omnibus
398 2911 686 2974 lacrimae.
745 2915 896 2974 Tum
923 2931 1047 2985 rex,
1070 2912 1324 2984 Quanto,
1347 2907 1554 2989 inquit,
1582 2910 1863 2974 maiorem
1887 2909 1949 2970 in
1975 2906 2188 2972 animis

92 2995 311 3056 vestris
338 3006 561 3059 motum
588 2999 871 3071 excitabo,
900 3014 1080 3078 quum
1100 2997 1247 3057 tanti
1269 2996 1513 3057 sceleris
1541 3005 1813 3056 auctores
1831 2994 2184 3057 ostendero!

96 3097 349 3160 quorum
373 3085 731 3146 mentionem
752 3086 947 3146 adhuc
969 3081 1311 3153 reformido,
1344 3092 1401 3143 et
1417 3090 1695 3161 tanquam
1721 3080 1864 3144 salvi
1887 3099 2021 3142 esse
2043 3097 2187 3162 pos-

96 3167 239 3240 sint,
282 3169 617 3242 nominibus
642 3171 929 3232 abstineo.
996 3169 1118 3231 Sed
1154 3167 1442 3230 vincenda
1471 3176 1564 3227 est
1591 3167 1873 3230 memoria
1904 3165 2245 3246 pristinam

97 3253 356 3314 caritatis
384 3262 442 3315 et
484 3255 810 3317 coniuratio
854 3255 1169 3334 impiorum
1203 3254 1416 3315 >civium
1451 3252 1800 3332 detegenda.
1869 3247 2185 3334 Quomodo

98 3346 295 3400 autem
322 3347 547 3401 tanturn
573 3339 738 3401 nefas
763 3337 1011 3402 sileam?
1071 3340 1404 3407 Parmenio.
1428 3337 1524 3402 illa
1545 3348 1752 3413 aetate,
1785 3345 1872 3402 tot
1894 3335 2062 3408 meis,
2095 3341 2188 3396 tot

98 3423 363 3522 parentis
408 3424 522 3485 mei
566 3426 785 3487 meritis
826 3425 1155 3499 devinctus,
1201 3425 1464 3486 omnium
1501 3421 1676 3486 nobis
1716 3423 2039 3484 amicorum
2079 3437 2186 3480 ve-

100 3509 483 3581 tustissimus,
510 3510 719 3571 ducem
744 3529 812 3572 se
834 3509 1038 3572 sceleri
1062 3520 1223 3572 tanto
1251 3509 1537 3589 praebuit.
1603 3509 1868 3570 Minister
1889 3505 2015 3566 eius
2041 3505 2184 3568 Phi·
2200 3505 2242 3568 Β

101 3594 255 3660 lotas
287 3595 639 3658 Peucolaum
680 3607 739 3659 et
764 3597 1121 3660 Demetrium
1156 3606 1216 3658 et
1247 3597 1408 3658 hunc
1435 3591 1726 3665 Dianam,
1768 3587 1936 3654 cuius
1965 3609 2187 3676 coi-pun
