2417 3900
544 121 683 183 LIB.
725 122 820 183 VI.
866 120 1019 203 (lv.)
1086 124 1248 189 CAP.
1289 127 1365 188 X.
1431 123 1726 189 23-37.
2041 127 2164 191 115

108 256 239 299 eum
267 237 443 300 voluit
472 237 721 318 epistola
752 239 993 318 scripta,
1031 257 1147 319 quo
1177 242 1374 307 minus
1407 246 1900 309 medicamentum
1923 246 2168 323 biberet,

102 324 259 403 quod
282 323 547 387 medicus
576 325 717 386 dare
749 323 1149 387 constituerat.
1192 327 1346 389 Num
1383 332 1670 395 creditum
1695 339 1788 393 est
1811 333 1964 412 patri
1989 352 2120 395 meo
2135 332 2168 395 ⁴?
2187 340 2270 401 35

98 428 241 471 num
265 410 441 471 ullam
464 408 881 473 auctoritatem·
898 410 1025 471 eius
1044 410 1249 475 literae
1269 414 1642 479 habuerunt?
1683 418 1808 497 Ego
1833 418 1982 498 ipse,
2021 436 2168 496 quo-

95 496 267 571 tiens,
297 514 451 575 quae
480 494 801 568 audieram,
833 495 1033 569 detuli,
1074 515 1205 559 cum
1236 500 1490 563 ludibrio
1517 503 1870 568 credulitatis
1895 504 2168 582 repulsus

92 601 249 643 sum.
294 582 359 643 Si
395 590 453 641 et
486 599 665 659 quum
690 580 1033 655 indicamUS,
1068 582 1261 659 invisi,
1295 593 1354 647 et
1387 605 1566 666 quum
1592 597 1871 663 tacemuS,
1911 589 2170 667 suspecti

88 686 323 741 sumus,
362 665 503 744 quid
527 667 721 727 facere
751 685 861 728 nos
888 665 1161 746 oportet?
1208 670 1523 751 Quumque
1549 692 1702 735 unus
1729 693 1762 733 e
1787 675 2169 737 circumstan·
2189 676 2271 741 36

86 752 243 815 tium
285 752 457 813 turba
496 752 891 827 exclamasset,
940 754 1103 815 Bene
1142 756 1366 817 meritis
1403 778 1528 819 non
1561 758 1844 833 insidiari,
1893 760 2170 835 Philotas,

85 840 299 912 Recte,
326 836 531 917 inquit,
561 837 823 917 quisquis
849 857 933 913 οε,
964 839 1127 901 dicis.
1190 841 1396 921 Itaque
1423 845 1474 904 si
1497 844 1808 906 insidiatus
1835 863 1986 917 sum,
2021 863 2168 924 poe·-
2185 847 2272 909 37

29 958 31 987 ;
86 942 237 1003 nam
260 942 383 985 non
404 924 705 1003 deprecor,
732 932 791 985 et
808 925 985 987 finem
1012 926 1163 987 facio
1187 928 1442 1003 dicendi,
1469 929 1746 1009 quoniam
1771 930 1969 991 ultima
1991 931 2168 993 verba

84 1008 295 1087 gravia
318 1016 456 1072 sunt
490 1007 611 1070 visa
635 1010 877 1073 auribus
918 1011 1147 1075 vestris.
1206 1014 1532 1077 Abducitur
1565 1016 1781 1078 deinde
1809 1017 1884 1078 ab
1911 1017 2024 1090 his,
2065 1017 2168 1095 qui

88 1093 509 1157 custodiebant
538 1113 693 1157 eum.

220 1180 379 1259 Cap.
403 1170 503 1241 XI.
546 1182 689 1241 Erat
706 1179 861 1241 inter
882 1180 1064 1241 duces
1082 1199 1262 1245 manu
1279 1192 1558 1245 strenuus
1577 1184 1768 1245 Bolon
1785 1183 2042 1261 quidam,
2063 1200 2171 1261 pa·
2193 1184 2228 1243 1

86 1266 173 1327 cis
199 1266 411 1329 artium
434 1275 493 1326 et
514 1266 696 1327 civilis
726 1264 961 1325 habitus
985 1265 1168 1340 rudis,
1209 1277 1376 1331 vetus
1399 1269 1590 1342 miles,
1630 1269 1704 1329 ab
1731 1266 1935 1328 humili
1963 1267 2172 1337 ordine

82 1353 160 1413 ad
196 1370 334 1413 eum
358 1351 625 1429 gradum,
648 1351 710 1410 in
736 1366 853 1427 quo
879 1358 1024 1409 tunc
1048 1360 1190 1423 erat,
1223 1362 1562 1429 promotuS,
1595 1353 1694 1430 qui
1719 1350 2046 1413 tacentibus
2073 1370 2172 1413 ce·-
2190 1352 2229 1413 2

80 1436 237 1499 teris
278 1434 504 1499 stolida
528 1433 774 1495 audacia
806 1434 970 1495 ferox
1006 1434 1325 1496 admonere
1359 1455 1464 1497 eos
1501 1436 1711 1515 coepit,
1751 1426 2021 1515 quotiens
2047 1438 2172 1499 suis

82 1522 349 1602 quisque
369 1519 723 1593 diversoriiS,
748 1536 899 1596 quae
920 1530 1330 1598 occupassent,
1351 1522 1730 1600 proturbatus
1749 1528 1926 1595 esset,
1945 1530 2014 1583 ut
2029 1540 2173 1601 pur-

80 1615 369 1687 gamenta
394 1623 701 1667 servorum
730 1602 989 1664 Philotae
1010 1604 1414 1685 reciperentur
1439 1626 1530 1681 eo,
1562 1608 1735 1669 unde.
1749 1606 2172 1689 commilitones

76 1691 437 1771 expulisset.
481 1690 638 1752 Auro
662 1698 1025 1769 argentoque
1050 1691 1308 1753 vehicula
1335 1692 1458 1755 eius
1485 1702 1696 1757 onusta
1724 1692 1860 1755 totis
1883 1692 2024 1754 vicis
2052 1701 2171 1755 ste-
2190 1700 2231 1762 3

23 1822 25 1833 .
74 1778 259 1853 fisse,
282 1794 352 1837 ac
378 1792 453 1835 ne
476 1776 537 1837 in
560 1774 826 1835 viciniam
850 1775 1087 1854 quidem
1111 1776 1415 1841 diversorii
1441 1796 1794 1859 quemquam
1819 1778 2170 1841 commilito-

72 1879 241 1925 num
264 1868 566 1939 receptum
590 1878 737 1933 esse,
764 1860 871 1921 sed
888 1879 997 1941 per
1023 1862 1365 1943 dispositoS,
1393 1883 1545 1943 quos
1565 1884 1744 1945 supra
1762 1883 2036 1927 somnum
2058 1866 2168 1927 ha·

76 1947 289 2022 bebat,
335 1965 542 2010 omnes
576 1946 782 2026 procul
816 1946 1125 2028 relegatos,
1174 1969 1252 2012 ne
1291 1952 1507 2014 femina
1545 1951 1636 2014 illa
1675 1951 2167 2016 murmurantium

74 2036 245 2096 inter
262 2052 329 2096 se
354 2032 583 2096 silentio
601 2033 796 2095 verius
817 2051 991 2113 quam
1016 2053 1165 2098 sono
1187 2037 1556 2099 excitaretur.
1599 2037 1880 2099 Ludibrio
1907 2037 1962 2097 ei
1983 2037 2168 2098 fuisse
2185 2040 2229 2099 4

76 2119 341 2184 rusticos
382 2117 672 2194 homines,
708 2118 1088 2198 Phrygasque
1128 2129 1187 2180 et
1224 2122 1630 2200 Paphlagonas
1670 2122 2024 2200 appellatos:
2069 2121 2170 2199 qui

78 2225 213 2268 non
230 2204 626 2278 erubesceret,
652 2204 897 2266 Macedo
920 2211 1112 2276 natus,
1135 2205 1410 2266 homines
1431 2206 1666 2282 linguae
1687 2223 1831 2266 suae
1854 2223 1962 2282 per
1983 2205 2170 2264 inter-

77 2300 321 2372 pretem
345 2291 573 2353 audire.
618 2289 735 2351 Cur
760 2289 1147 2350 Hammonem
1187 2290 1418 2368 consuli
1450 2287 1666 2350 vellet?
1715 2289 1986 2350 Eundem
2013 2287 2168 2349 Iovis
2189 2291 2230 2350 5

79 2377 359 2455 arguisse
404 2375 795 2448 mendacium,
836 2366 1228 2434 Alexandrum
1273 2374 1452 2434 filium
1501 2372 1904 2452 agnoscentiS,
1947 2372 2172 2436 scilicet

78 2464 360 2535 veritum,
378 2481 452 2523 ne
470 2460 823 2523 invidiosum
844 2467 1020 2532 esset,
1037 2459 1193 2538 quod
1217 2458 1295 2520 dii
1315 2461 1612 2522 offerrent.
1646 2460 1840 2532 Quum
1858 2456 2168 2520 insidiare·-
2186 2459 2226 2520 6

76 2563 185 2611 tur
212 2547 381 2627 capiti
417 2546 571 2626 regis
600 2558 660 2608 et
694 2545 883 2618 amici,
914 2563 1035 2606 non
1070 2544 1442 2606 consuluisse
1474 2563 1612 2608 eum
1641 2547 1866 2607 Iovem:
1903 2563 2068 2608 nunc
2090 2547 2166 2606 ad
2255 2587 2260 2592 ·

80 2635 391 2698 oraculum
416 2633 666 2708 mittere,
692 2632 831 2694 dum
850 2638 1017 2718 pater
1042 2629 1167 2694 eius
1191 2630 1553 2706 sollicitetur,
1586 2633 1684 2712 qui
1708 2628 1930 2710 praesit
1951 2630 2014 2692 in
2039 2631 2166 2694 Me·-

80 2721 207 2792 dia‚
245 2730 299 2780 et
327 2719 593 2798 pecunia,
630 2719 795 2780 cuius
830 2716 1099 2784 custodia
1124 2716 1436 2778 commissa
1470 2718 1562 2793 sit,
1596 2717 1859 2798 perditos
1891 2716 2164 2780 homines

82 2806 161 2866 ad
194 2804 531 2866 societatem
572 2802 811 2866 sceleris
848 2802 1123 2884 impellat.
1182 2803 1355 2882 Ipsos
1399 2805 1689 2866 missuros
1729 2805 1801 2864 ad
1842 2803 2161 2878 oraculum,
2181 2810 2221 2871 7

84 2909 209 2952 non
244 2889 347 2970 qui
376 2891 569 2952 Iovem
601 2891 982 2968 interrogent,
1025 2888 1181 2968 quod
1221 2907 1292 2960 ex
1319 2907 1460 2967 rege
1491 2890 1888 2969 cognoverint,
1931 2889 2039 2951 sed
2065 2890 2164 2970 qui

84 2975 309 3056 gratias
335 2985 525 3054 agant,
555 2977 653 3056 qui
680 2984 813 3040 vota
838 2994 947 3055 pro
974 2974 1372 3036 incolumitate
1393 2977 1548 3054 regis
1572 2975 1781 3056 optimi
1805 2977 2162 3056 persolvant.

84 3065 241 3125 Tum
273 3081 407 3124 vero
432 3063 701 3125 universa
724 3062 931 3124 concio
960 3079 1205 3123 accensa
1230 3070 1336 3134 est,
1377 3072 1435 3121 et
1459 3079 1491 3120 a
1519 3061 1786 3142 corporis
1817 3061 2162 3124 custodibus
2180 3061 2220 3122 8

84 3149 319 3212 initium
342 3151 585 3224 factum,
599 3148 999 3220 clamantibus,
1024 3146 1477 3226 discerpendum
1503 3166 1637 3208 esse
1661 3147 2012 3227 parricidam
2033 3160 2162 3206 ma-

86 3237 269 3298 nibus
311 3253 535 3298 eorum.
604 3235 667 3296 ld
698 3235 935 3315 quidem
960 3232 1240 3306 Philotas,
1285 3231 1386 3312 qui
1425 3233 1688 3312 graviora
1723 3231 2008 3313 supplicia
2033 3244 2161 3288 me·

86 3329 299 3394 tueret,
328 3322 485 3384 haud
512 3338 654 3381 sane
677 3320 877 3400 iniquo
908 3320 1103 3381 animo
1130 3317 1424 3379 audiebat.

218 3407 348 3470 Rex
372 3407 433 3468 in
456 3406 801 3468 concionem
825 3423 1114 3480 reversuS,
1155 3403 1279 3464 sive
1303 3411 1366 3465 ut
1391 3403 1451 3463 in
1486 3401 1750 3464 custodia
1773 3413 2006 3478 quoque
2031 3401 2156 3455 tor·
2175 3397 2214 3458 9

94 3501 333 3572 queret,
386 3493 507 3554 sive
552 3497 622 3552 ut·
666 3490 1000 3569 diligentius
1044 3497 1250 3552 cuncta
1293 3494 1702 3567 cognosceret,
1749 3478 2058 3544 concilium
2095 3480 2158 3542 in

96 3587 401 3658 posterum
440 3577 593 3638 diem
630 3576 875 3640 distulit:
916 3582 974 3636 et
1008 3591 1362 3654 quamquam
1406 3572 1467 3634 in
1497 3585 1812 3708 vesperaug
1827 3565 2162 3692 inclinabat
