2417 3900
526 87 669 149 LIB.
710 87 859 153 vm.
904 86 1057 167 (vi.)
1102 88 1260 151 car.
1303 88 1426 151 vn.
1473 69 1718 149 ι-ἰιι,
2037 80 2160 151 163

104 207 275 267 etiam
294 208 554 285 parentis
580 207 677 269 sui
700 206 1012 269 clamitans·
1040 224 1187 280 esse‚
1230 206 1526 285 consurgit
1559 214 1616 267 et
1647 205 1724 267 ad
1749 224 1818 267 os
1841 222 2023 272 manu
2053 209 2162 271 ob-

97 288 239 353 iecta
265 293 488 356 scelere
516 302 571 354 et
598 292 765 353 malis
790 290 1181 353 insanientem
1214 291 1574 372 ultra‚negat
1597 290 1971 355 audiendum.
2037 294 2162 355 Rex
2179 301 2220 365 3

92 377 337 439 inhibito
375 388 541 457 patre
576 378 772 439 dicere
792 375 1171 437 Hermolaum
1194 375 1376 450 iubet,
1419 394 1567 456 quae
1602 396 1674 440 ex
1699 376 1976 455 magistro
2014 379 2162 439 didi-

90 465 269 524 cisset
294 464 669 525 Callisthene.
714 464 787 523 Et
817 462 1185 537 Hermolaus,
1208 462 1375 535 Utor,
1402 462 1604 541 inquit,
1629 461 1915 525 beneficio
1944 469 2085 537 tuo„
2109 472 2165 523 et

89 549 237 623 dico,
267 567 419 629 quae
440 549 661 611 nostris
684 549 851 609 malis
872 546 1065 608 didici.
1110 548 1304 621 Quota
1323 565 1462 626 pars
1481 548 1866 610 Macedonum
1893 546 2164 609 saevitiae
2184 557 2222 615 4

87 645 220 696 tuae
247 632 566 713 superest?
611 643 821 714 quotus
847 633 1083 711 quidem
1110 652 1234 695 non
1257 652 1290 694 e
1317 630 1594 694 vilissimo
1631 630 1960 711 sanguine?
2006 634 2166 693 Atta-

82 721 175 781 lus
218 728 281 779 et
314 718 577 781 Philotas
620 729 679 782 et
709 718 1017 780 Parmenio
1062 729 1119 779 et
1150 718 1470 798 Lyncestes
1505 718 1834 779 Alexander
1873 727 1932 779 et
1969 716 2166 789 Clitus,

84 812 373 884 quantum
398 805 471 866 ad
490 807 695 867 hostes
718 805 989 886 pertinet,
1030 804 1250 879 vivunt,
1281 813 1440 866 stant
1462 805 1533 865 in
1551 804 1690 876 acie,
1727 814 1786 865 te
1815 804 2016 883 clipeis
2039 803 2166 868 suis

83 898 409 969 protegunt
434 899 495 951 et
512 910 620 971 pro
646 891 828 971 gloria
850 900 970 963 tua,
1004 908 1119 969 ,pro
1143 890 1382 953 victoria
1405 890 1646 955 vulnera
1673 890 1994 970 accipiunt:
2035 888 2164 967 qui-

85 976 201 1037 hus
226 984 291 1037 tu
312 977 599 1055 egregiam
626 979 869 1057 gratiam
890 976 1185 1037 rettulisti.
1231 976 1390 1038 Alius
1412 994 1677 1039 mensam
1697 984 1851 1037 tua-m
1877 976 2163 1054 sanguine
2185 986 2222 1044 5

84 1080 195 1122 suo
222 1062 495 1141 aspersit,
520 1063 668 1125 alius
691 1083 769 1127 ne
792 1061 1045 1141 simplici
1066 1062 1306 1141 quidem
1329 1071 1516 1123 morte
1543 1063 1856 1125 defunctus
1879 1070 1988 1131 est.
2043 1060 2165 1124 Ba-

84 1165 181 1208 ces
210 1148 569 1211 exercituum
592 1159 826 1209 tuorum
853 1148 917 1207 in
943 1148 1256 1223 equuleum
1289 1147 1550 1225 impositi
1571 1148 1788 1219 PersiS,
1831 1164 1980 1223 quos
2011 1146 2168 1205 vice-

82 1241 233 1307 rant,
277 1234 443 1293 fuere
472 1235 829 1312 spectaculo.
892 1231 1203 1291 Parmenio
1228 1231 1448 1291 indicta
1475 1235 1681 1291 caussa
1712 1230 2035 1292 trucidatus
2057 1238 2166 1301 est,

84 1336 191 1397 per
228 1336 406 1396 quem
441 1320 697 1379 Attalum
734 1316 1055 1379 occideras·
1119 1315 1377 1375 Invicem
1411 1315 1566 1377 enim
1601 1314 1952 1378 miserorum
1986 1314 2166 1377 uteris
2187 1322 2227 1383 6

84 1403 363 1464 manibus
396 1402 473 1462 ad
508 1403 838 1481 expetenda
864 1398 1169 1479 supplicia,
1215 1410 1276 1461 et
1299 1418 1453 1479 quos
1478 1400 1834 1478 paullomnte
1865 1400 2166 1461 ministros

90 1488 288 1551 caedis
312 1487 591 1559 habuisti,
634 1486 830 1547 subito
862 1485 937 1545 ab
960 1484 1085 1545 aliis
1108 1483 1277 1546 iubes
1299 1485 1594 1547 trucidari.
1642 1486 2002 1563 Obstrepunt
2027 1483 2168 1552 sub-
2187 1490 2226 1553 7

82 1575 225 1635 inde
252 1573 450 1634 cuncti
474 1572 806 1633 Hermolao.
864 1570 1041 1631 Pater
1063 1588 1405 1649 supremum
1429 1570 1742 1633 strinxerat
1765 1572 2000 1642 ferrum,
2029 1572 2174 1649 per-3

86 1677 377 1720 cussurus
407 1658 583 1719 haud
593 1657 791 1732 dubie,
827 1654 891 1717 ni
920 1655 1201 1729 inhibitus
1227 1665 1388 1717 esset
1411 1676 1636 1735 aflrege:
1677 1657 1895 1736 quippe
1918 1656 2170 1717 Hermo-

43 1792 46 1831 ὦ
86 1744 249 1804 laum
282 1742 487 1804 dicere
502 1743 679 1808 iussit
716 1742 1017 1823 petiitque
1057 1751 1119 1811 ut
1154 1760 1394 1804 caussas
1422 1743 1691 1823 supplicii
1717 1754 2028 1821 augentem
2061 1760 2197 1821 pa-·

43 1876 46 1907 ÷
88 1828 309 1889 tienter
336 1828 622 1891 audirent.

218 1915 413 1992 Aegre
452 1932 592 1994 ergo
638 1912 905 1974 coercitis
935 1932 1147 1976 rursus
1182 1912 1559 1982 Hermolaus,
1599 1914 1788 1987 Quam
1831 1912 2164 1983 liberaliter,
2187 1917 2248 1981 8

90 2000 297 2096 inquit,
318 2002 519 2080 pueris
536 2000 787 2062 rudibus
806 2001 881 2060 ad
902 1999 1216 2062 dicendum
1234 2018 1406 2078 agere
1425 1999 1745 2078 permittis!
1772 2000 1845 2060 At
1861 1999 2168 2060 Callisthe-

88 2084 181 2152 nis
202 2105 321 2146 vox
332 2103 579 2146 carcere
603 2086 831 2146 inclusa
852 2093 959 2156 est,
1002 2085 1137 2164 quia
1172 2085 1336 2159 solus
1361 2092 1557 2162 potest
1583 2085 1802 2144 dicere.
1870 2085 1986 2144 Cur
2011 2073 2167 2144 enim
2187 2092 2224 2150 9

90 2189 212 2230 non
246 2171 614 2250 producitur,
660 2184 840 2247 quum
874 2169 1049 2230 etiam
1076 2168 1330 2229 confessi
1360 2164 1723 2229 audiuntur?
1788 2166 2012 2245 Nempe
2039 2167 2170 2250 quia

88 2256 343 2316 liberam
375 2273 579 2315 vocem
612 2252 942 2314 innocentis
972 2252 1180 2313 audire·
1215 2253 1429 2315 metuis
1461 2269 1529 2312 ac
1568 2269 1644 2312 ne
1679 2250 1896 2313 vultum
1933 2245 2204 2328 quidem?

94 2341 343 2420 pateris».
386 2340 559 2418 Atqui
582 2338 732 2400 nihil
750 2355 885 2400 eum
906 2337 1119 2398 fecisse
1142 2335 1460 2398 contendo.
1507 2337 1655 2397 Sunt
1681 2335 1794 2406 hic,
1821 2335 1916 2430 qui
1938 2351 2170 2398 mecum
2194 2353 2272 2423 10

86 2446 215 2488 rem
242 2425 706 2507 palchen-imam
728 2423 1153 2502 cogitaverunt:
1192 2441 1369 2484 nemo
1395 2429 1504 2495 est,
1541 2420 1642 2500 qui
1665 2419 1963 2484 conscium
1990 2419 2170 2484 fuisse

66 2514 262 2574 -nobis
286 2509 705 2574 Callisthenem
719 2509 892 2584 dicat,
916 2526 1097 2589 quum
1118 2507 1292 2570 morti
1313 2508 1452 2570 olim
1477 2468 1804 2570 destinatus
1823 2505 1898 2569 sit
1917 2525 1952 2566 a
1967 2505 2167 2573 iustis-

94 2598 241 2660 simo
264 2605 329 2660 et
345 2595 771 2678 patientissimo
788 2613 947 2675 rege.
992 2593 1153 2656 Haec
1170 2612 1312 2673 ergo
1332 2601 1470 2657 sunt
1485 2592 1870 2660 Macedonum
1891 2593 2168 2674 praemia,
2193 2611 2222 2670 1
2234 2610 2265 2670 1

98 2691 444 2761 quorumut
458 2700 829 2764 supervacuo
852 2692 913 2743 et
932 2681 1175 2744 sordido
1201 2681 1462 2744 abuteris
1485 2679 1792 2759 sanguine.
1831 2684 1904 2745 At
1929 2679 2034 2742 tibi
2049 2697 2165 2742 xxx

96 2769 245 2830 milia
274 2771 575 2832 mulorum
607 2767 899 2848 captivam
935 2785 1143 2830 aurum
1165 2767 1400 2841 vehunt,
1445 2785 1624 2847 quum
1657 2765 1873 2828 milites
1895 2765 2034 2828 nihil
2057 2767 2163 2828 do-

96 2871 251 2916 mum
276 2865 516 2936 praeter
534 2854 1129 2935 gratuitascieatrices
1144 2853 1385 2916 relaturi
1404 2853 1535 2918 sint.
1579 2853 1744 2926 Quae
1763 2858 1954 2914 tamen
1974 2852 2166 2919 omnia
2190 2862 2268 2923 12

98 2941 347 3002 tolerare
369 2943 683 3022 potuimus,
710 2941 1025 3039 antequam
1044 2957 1155 3002 nos
1172 2937 1442 3000 bai-bans
1463 2939 1712 3000 dederes
1731 2945 1792 3000 et
1819 2957 1974 3002 novo
2001 2956 2190 3003 more

98 3025 346 3089 victores
364 3028 514 3088 suh
497 3046 698 3106 iugum
714 3026 997 3092 mitteres.
1040 3027 1356 3088 Persarum
1381 3033 1440 3085 te
1460 3023 1637 3086 vestis
1661 3034 1718 3085 et
1732 3021 2043 3106 disciplina
2061 3026 2167 3089 de*

98 3109 287 3186 lactat,
306 3113 528 3192 patrios
546 3132 743 3174 mores
760 3131 975 3174 exosus
996 3131 1082 3174 es.
1123 3112 1436 3173 Persarum
1457 3129 1614 3190 ergo,
1639 3129 1762 3175 non
1781 3111 2165 3201 uaccam

98 3213 296 3274 legem
332 3199 603 3258 occidere
635 3198 945 3272 voluimus,
990 3207 1049 3260 et
1070 3206 1133 3260 te
1158 3199 1518 3276 transfugam
1543 3197 1719 3262 belli
1702 3216 1828 3262 lure
1857 3190 2162 3275 persequi-
2189 3195 2265 3255 13

96 3297 253 3343 mur.
297 3283 387 3344 Τιι
408 3282 757 3345 Macedonas
780 3284 1011 3346 voluisti
1036 3301 1226 3364 genua
1246 3284 1349 3346 tibi
1365 3303 1596 3364 ponere
1617 3282 2076 3358 venei-anquene
2099 3283 2164 3342 ut

102 3365 306 3430 deum:
328 3377 394 3432 tu
410 3368 743 3450 Philippum
765 3377 991 3448 patrem
1014 3370 1317 3444 aversaris,
1343 3379 1400 3432 et
1417 3370 1468 3432 si
1487 3370 1617 3450 quis
1645 3371 1889 3431 deorum
1916 3369 2050 3424 ante
2067 3359 2162 3422 lo·
2376 3441 2377 3450 ἵ

100 3469 231 3516 vem
251 3455 582 3530 haberetur,
604 3455 896 3519 fastidires
915 3457 1085 3520 etiam
1102 3457 1326 3520 Iovem.
1367 3455 1632 3529 Miraris,
1641 3454 1692 3516 si
1713 3449 1880 3514 liberi
1894 3446 2164 3510 hommes
2191 3450 2267 3513 14
2375 3511 2378 3522 ,

84 3544 433 3622 superbiam
454 3552 614 3606 tuam
634 3545 785 3606 ferre
802 3562 925 3608 non
942 3563 1258 3626 possumus
1271 3539 1304 3603 ‘2
1348 3542 1502 3616 Quid
1521 3552 1823 3682 speram&
1831 3552 2013 3669 *ex
1933 3541 2013 3610 te
2034 3553 2163 3616 ‹11¹¹-
