2417 3900
504 164 647 225 ιιΒ.
692 162 793 224 ix.
842 126 1019 241 (vn.)
1068 162 1229 221 cAr.
1271 162 1367 223 ιν.
1419 162 1665 225 1-21,
1981 159 2140 226 ‘189

74 300 179 362 qua
204 292 399 343 meant
422 283 667 363 navigia,
691 282 1009 367 intenuem
1038 280 1266 341 alveum
1296 281 1539 358 cogitur.
1584 280 1786 363 Itaque
1809 302 1988 361 quum
2020 304 2148 346 cre·
2172 296 2250 358 10

70 368 158 429 bri
183 368 389 431 fluctus
418 389 482 431 se
514 368 861 429 inveherent
894 374 955 427 et
988 366 1225 427 navium
1251 366 1388 427 hinc
1411 387 1618 445 proras
1648 370 1790 429 hinc
1814 370 1994 429 latera
2017 372 2149 449 pul·
2233 373 2238 379 ’

66 456 277 529 saren't,
305 456 641 515 subducere
666 462 877 514 nautae
902 452 1028 512 vela
1055 461 1395 531 coeperunt.
1441 454 1562 513 Sed
1597 454 1918 515 ministeria
1947 474 2151 517 eorum

64 541 198 602 hinc
238 553 399 602 metu
428 541 566 601 hinc
605 539 948 619 praerapida
981 538 1274 623 celeritate
1299 538 1606 599 fluminum
1635 552 2018 620 occupantur.
2085 542 2153 603 In
2175 554 2252 615 11

60 627 244 688 oculis
288 626 593 705 [omnium]
642 626 758 687 duo
802 624 1025 685 maiora
1071 625 1298 703 navigia
1342 625 1650 685 submersa
1697 638 1865 702 sunt3
1912 628 2154 703 leviora,

59 732 243 792 quum
280 720 339 773 et
377 712 501 791 ipsa
538 715 851 793 nequirent
888 710 1037 790 regi,
1081 712 1143 773 in
1179 714 1370 791 ripam
1409 722 1604 773 tamen
1637 710 1876 774 innoxia
1913 716 2158 794 expulsa

58 808 221 861 sunt.
288 797 425 877 Ipse
460 818 562 859 rex
595 798 652 859 in
692 796 1096 879 rapidissimos
1129 794 1378 859 vertices
1413 798 1638 873 incidit,
1687 798 1902 878 quibus
1935 800 2156 863 intorta

50 885 227 946 navis
268 884 501 963 obliqua
538 881 595 945 et
634 884 1011 963 gubernaculi
1046 884 1362 965 impatiens
1399 885 1699 963 agebatur.
1765 884 1887 946 Iam
1927 899 2152 949 vestem
2173 895 2255 958 12

52 972 393 1031 detraxerat
424 972 674 1053 corpori,
719 972 1089 1051 proiecturus
1130 980 1318 1032 semet
1352 970 1414 1031 in
1443 972 1684 1045 flumen,
1731 973 2039 1054 amicique,
2085 981 2153 1037 ut

48 1056 397 1137 exciperent
427 1056 579 1133 eum,
618 1056 774 1119 haud
804 1058 1010 1137 procul
1036 1057 1276 1133 nabant,
1326 1058 1766 1137 apparebatque
1793 1075 2014 1139 anceps
2040 1078 2151 1139 pe-

47 1142 305 1203 riculum
328 1152 447 1203 tam
472 1144 723 1204 nataturi
746 1162 922 1221 quam
948 1143 1223 1221 navigare
1247 1143 1700 1221 perseverantis,
1744 1144 1900 1223 Ergo
1925 1142 2154 1221 ingenti
2174 1148 2254 1209 13

46 1228 377 1289 certamine
405 1229 701 1289 concitant
722 1248 944 1299 remoS,
985 1237 1320 1305 quantaque
1348 1228 1429 1288 vis
1453 1229 1710 1288 humana
1737 1246 1871 1288 esse
1897 1235 2151 1307 poterat,

45 1314 299 1373 admota
327 1322 436 1386 est,
462 1322 528 1374 ut
550 1314 782 1385 ssuctuS,
813 1312 912 1391 qui
938 1330 1003 1371 se
1025 1312 1402 1387 invehebant,
1430 1312 1934 1373 everberarentur.
1979 1312 2154 1375 Findi
2176 1319 2255 1379 14

42 1402 335 1461 crederes
374 1399 563 1458 undas
598 1408 654 1458 et
690 1408 847 1458 retro
876 1397 1134 1475 gurgites
1165 1398 1394 1457 cedere.
1465 1398 1692 1469 Quibus
1720 1398 1958 1459 tandem
1985 1399 2152 1461 navis

36 1492 259 1565 erepta
288 1502 412 1545 non
439 1492 637 1544 tamen
668 1482 827 1561 ripae
854 1482 1196 1561 applicatur,
1225 1482 1418 1544 sedin
1443 1484 1772 1561 proximum
1804 1486 2014 1545 vadum
2041 1485 2154 1545 illi-

36 1572 235 1633 ditur.
281 1570 427 1631 Cum
452 1570 611 1629 amni
640 1568 854 1629 bellum
884 1568 1067 1629 fuisse
1094 1568 1388 1629 crederes,
1431 1568 1588 1645 Ergo
1617 1568 1732 1629 aris
1764 1587 1874 1648 pro
1902 1588 2152 1631 numero

30 1657 366 1718 fluminum
392 1656 604 1735 positis
636 1653 1040 1733 sacrificioque
1066 1653 1219 1715 facto
1249 1672 1363 1713 xxx
1389 1654 1575 1715 stadia
1602 1654 1911 1733 processit.

186 1740 337 1801 Inde
380 1751 615 1802 ventum
664 1750 755 1801 est
791 1738 847 1799 in
886 1740 1189 1818 regionem
1228 1736 1662 1821 Oxydracarum
1701 1732 2150 1821 Mallorumque,
2175 1748 2253 1810 15

12 1845 211 1909 :quos
236 1826 378 1887 alias
405 1828 623 1888 bellare
648 1826 802 1888 inter
826 1844 892 1887 se
920 1826 1129 1887 solitos
1155 1835 1296 1888 tunc
1317 1826 1559 1905 periculi
1585 1827 1834 1891 societas
1861 1828 2150 1892 iunxerat.
2177 1900 2185 1907 ,

22 1908 386 1992 Nonaginta
427 1912 583 1974 milia
618 1913 915 1975 iuniorum
950 1912 1216 1992 peditum
1249 1914 1311 1974 in
1335 1914 1513 1976 armis
1549 1923 1732 1989 erant,
1774 1922 2016 1996 praeter
2037 1915 2150 1978 hos

24 2001 317 2080 equitum
360 2019 399 2060 x
438 2001 593 2061 milia
628 2009 1078 2079 nongentaeque
1115 1999 1452 2079 quadrigae.
1518 2001 1592 2060 At
1629 1999 2004 2075 Macedone&
2049 1998 2150 2082 qui
2173 2005 2254 2068 16

24 2085 218 2149 omni
244 2085 585 2146 discrimine
611 2087 725 2146 iam
752 2085 1064 2146 defunctos
1088 2103 1154 2145 se
1180 2103 1314 2146 esse
1339 2085 1730 2156 crediderant,
1757 2095 2153 2168 posteaquam

22 2171 355 2248 integrum
397 2171 615 2232 bellum
669 2188 801 2230 cum
844 2168 1226 2230 ferocissimis
1271 2169 1474 2229 Indiae
1517 2169 1788 2246 gentibus
1835 2187 2154 2248 superesse

27 2263 483 2336 cognoverunt,
527 2255 848 2333 improviso
888 2264 1049 2314 metu
1088 2252 1272 2313 territi
1317 2267 1526 2314 rursus
1569 2253 1863 2313 seditiosis
1904 2253 2151 2314 vocibus

25 2359 259 2424 regem
286 2341 599 2420 increpare
624 2347 963 2418 coeperunt.
1034 2337 1296 2416 Gangem
1324 2356 1575 2412 amnem,
1616 2347 1675 2398 et
1701 2355 1849 2418 quae
1877 2340 2032 2400 ultra
2059 2357 2154 2400 es-
2173 2343 2254 2406 17

22 2438 207 2502 sent,
240 2434 507 2488 coactum
533 2425 944 2496 transmittere,
982 2441 1104 2484 non
1130 2431 1327 2484 tamen
1351 2424 1570 2496 finisse,
1601 2423 1707 2484 sed
1733 2432 1998 2486 mutasse
2022 2424 2152 2487 bel-

20 2516 198 2576 lum.
263 2511 571 2573 Indomitis
597 2510 867 2590 gentibus
894 2528 957 2570 se
986 2509 1268 2584 obiectos,
1311 2517 1377 2570 ut
1399 2510 1684 2588 sanguine
1711 2529 1820 2572 suo
1853 2511 2153 2591 aperirent

16 2601 83 2663 ei
130 2615 461 2661 oceanum.
526 2597 707 2658 Trahi
735 2593 1120 2657 extra-sidera
1155 2603 1213 2656 et
1243 2596 1447 2669 solem,
1489 2595 1737 2676 cogique
1772 2593 1954 2673 adire,
1999 2617 2150 2678 quae
2171 2601 2250 2664 18

16 2685 390 2749 mortalium
420 2683 605 2745 oculis
633 2691 841 2745 natura
874 2681 1238 2742 subduxerit.
1283 2681 1462 2743 Novis
1489 2681 1809 2745 identidem
1837 2683 2012 2746 armis
2037 2703 2149 2748 no-

18 2793 156 2836 vos
186 2769 398 2832 hostes
426 2770 730 2831 exsistere.
800 2770 963 2842 Quos
989 2777 1053 2830 ut
1085 2787 1293 2830 omnes
1321 2769 1571 2830 fundant
1607 2771 1942 2850 sugentque,
1991 2773 2151 2852 quod

16 2855 387 2942 praemium
422 2855 589 2936 ipsos
625 2849 919 2935 manere?
952 2853 1260 2932 caliginem
1304 2873 1373 2916 ac
1403 2855 1681 2916 tenebras
1708 2865 1764 2918 et
1799 2867 2148 2939 perpetuam

11 2951 297 3010 noctem
320 2944 614 3021 profundo
651 2942 1025 3004 incubantem
1061 2941 1228 3016 mari,
1269 2941 1555 3024 repletum
1579 2941 1916 3004 immanium
1944 2944 2147 3007 belua-

11 3047 186 3096 rum
222 3028 500 3106 gregibus
531 3032 759 3102 fretum,
784 3026 1115 3089 immobiles
1140 3027 1354 3101 undas,
1381 3028 1442 3088 in
1479 3027 1688 3106 quibus
1715 3029 2010 3092 emoriens
2037 3049 2144 3090 na-

11 3127 185 3179 tura
226 3115 525 3176 defecerit.
588 3115 712 3175 Rex
743 3134 863 3175 non
896 3131 1021 3188 sua,
1062 3113 1169 3173 sed
1206 3114 1451 3175 militum
1487 3113 1879 3177 sollicitudine
1917 3113 2141 3184 auximi,
2167 3111 2245 3174 19

11 3201 353 3267 concione
388 3201 669 3261 'advocata
712 3201 901 3276 docet,
946 3199 1213 3261 imbelles
1251 3219 1404 3273 esse,
1449 3220 1597 3280 quos
1637 3209 1918 3262 metuant.
1986 3193 2144 3258 Nihil

11 3286 283 3352 deinde
322 3294 554 3363 praeter
586 3287 691 3346 bas
730 3294 933 3363 gentes
968 3286 1226 3360 obstare,
1268 3307 1384 3366 quo
1410 3286 1603 3346 minus
1629 3296 1916 3348 terrarum
1952 3278 2142 3359 spatia

11 3369 293 3440 emensi
316 3371 390 3430 ad
419 3371 592 3432 finem
622 3371 793 3431 simul
819 3372 1021 3432 mundi
1054 3371 1442 3450 laborumque
1465 3373 1828 3450 perveniant.
1875 3365 2140 3426 Cessisse
2157 3363 2244 3428 2⁰

11 3464 157 3525 illis
199 3457 600 3518 metuentibus
626 3455 865 3534 Gangen
898 3464 956 3517 et
988 3456 1414 3517 multitudinem
1448 3457 1768 3518 nationum,
1814 3467 1964 3526 quae
1990 3450 2140 3510 ultra

11 3562 302 3611 amnem
331 3553 552 3604 essent:
596 3543 920 3603 declinasse
946 3541 1058 3603 iter
1079 3560 1171 3616 ec,
1202 3541 1304 3602 ubi
1329 3561 1435 3620 par
1458 3538 1657 3616 gloria,
1687 3532 1880 3592 minus
1904 3532 2139 3622 pericu-

11 3641 171 3699 lum
221 3637 400 3690 esset.
470 3629 588 3690 lam
621 3627 966 3708 prospicere
1002 3645 1067 3687 se
1102 3646 1408 3699 oceanum,
1447 3626 1562 3684 iam
1589 3617 1840 3696 perflare
1865 3614 1939 3675 ad
1971 3616 2138 3695 ipsos
2155 3612 2228 3668 9¹

2405 870 2410 911 --
2406 780 2410 843 --⁴-
2401 448 2410 761 ,μῴ-Λ-ῌΛ-
2404 376 2409 431 ὢν»,
