2417 3900
280 111 407 175 178
674 114 679 117 ’
753 110 871 181 DE⁸
898 106 1161 168 GESTIS
1205 104 1637 166 ALEXANDRI
1677 103 1918 167 MAGNI

177 244 259 305 17
280 234 435 295 enim
464 228 733 309 imperio,
770 229 832 289 in
868 246 1009 289 suos
1038 244 1257 307 pavore
1289 225 1498 303 agitur.
1565 223 1722 285 Haec
1756 226 2074 304 eloquutus
2107 226 2348 288 concitat

280 335 493 399 equum
522 314 767 397 primus.
812 314 1090 403 Jamque,
1131 318 1196 372 ut
1227 310 1574 372 destinatum
1613 320 1756 384 erat,
1794 310 2088 371 invaserat
2121 311 2344 373 ordines

276 404 563 475 hostium,
615 417 793 481 quum
812 394 1065 461 Coenus
1104 396 1331 475 ingenti
1373 396 1432 457 vi
1461 395 1524 456 in
1559 396 1788 457 laevum
1827 415 2014 457 cornu
2049 397 2347 459 invehitur.

178 494 258 557 18
277 490 537 552 Phalanx
564 504 797 567 quoque
821 485 1072 545 mediam
1102 482 1385 543 Indorum
1408 482 1593 543 aciem
1617 500 1736 543 uno
1757 482 1981 563 impetu
1991 484 2292 579 perrupit.

408 576 479 635 At
501 573 709 645 PoruS,
741 590 855 651 qua
880 569 1131 650 equitem
1154 566 1350 630 invehi
1371 576 1657 641 senserat,
1687 567 1890 629 beluas
1914 568 2008 645 agi
2033 568 2230 630 iussit:
2257 570 2346 629 sed

276 660 506 723 tardum
535 667 593 719 et
616 676 805 738 paene
830 655 1129 717 immobile
1152 654 1367 715 animal
1406 671 1690 733 equorum
1717 654 2082 715 velocitatem
2111 672 2346 733 aequare

179 751 255 812 19
278 761 398 807 non
433 753 684 826 poterat.
750 744 873 803 Nec
904 742 1246 821 sagittarum
1273 740 1517 838 quidem
1555 740 1706 801 ullus
1741 750 1865 801 erat
1897 740 2168 801 barbaris
2200 760 2344 801 usus.
2370 807 2371 825 ἢ

281 832 513 909 Quippe
532 830 742 907 longae
762 837 819 890 et
837 844 1206 907 praegraveS,
1227 825 1342 885 nisi
1360 824 1524 905 prius
1541 824 1604 885 in
1619 833 1778 886 terra
1797 834 2126 887 statuerent
2145 844 2344 897 arcum,
2370 828 2371 907 ᾖ

278 916 435 977 haud
461 915 603 975 satis
627 922 763 992 apte
790 923 848 973 et
874 912 1182 973 commode
1206 910 1610 990 imponuntur.
1675 912 1828 973 Tum
1853 913 2034 972 humo
2060 909 2278 972 lubrica
2300 922 2344 972 et
2370 918 2371 935 ³

282 1002 357 1063 ob
384 1001 443 1061 id
472 1000 825 1078 impediente
850 1007 1122 1059 conatum
1144 997 1455 1058 molientes
1479 999 1630 1058 ictus
1659 998 1950 1057 celeritate
1977 997 2230 1057 hostium
2258 1016 2346 1057 oc-

180 1091 262 1153 20
284 1085 666 1165 cupabant'ur.
706 1084 863 1164 Ergo
881 1092 1081 1163 spreto
1098 1083 1254 1161 regis
1273 1082 1519 1163 imperio
1541 1082 1725 1161 (quod
1744 1084 1870 1143 fere
1889 1082 1972 1153 fit,
1994 1082 2096 1143 ubi
2113 1082 2346 1143 turbatis
2371 1089 2374 1211 1

281 1172 475 1233 acrius
500 1180 692 1231 metus
717 1187 890 1249 quam
915 1170 1037 1229 dux
1059 1168 1355 1247 imperare
1383 1168 1603 1246 coepit)
1647 1168 1890 1229 totidem
1917 1176 2082 1229 erant
2101 1167 2343 1247 impera-

178 1261 258 1322 21
279 1268 461 1332 toreS,
492 1264 636 1337 quot
653 1255 885 1334 agmina
906 1255 1199 1317 errabant.
1241 1254 1401 1314 Alius
1419 1254 1664 1331 iungere
1685 1254 1886 1327 aciem,
1911 1254 2062 1315 alius
2085 1252 2345 1315 dividere.

281 1350 439 1403 stare
460 1342 717 1440 ‘quidam
761 1349 821 1402 et
861 1340 1127 1402 nonnulli
1167 1338 1520 1401 circumvehi
1563 1348 1724 1417 terga
1763 1339 2024 1400 hostium
2064 1338 2347 1399 iubebant.

178 1430 261 1489 22
280 1426 473 1489 Nihil
455 1446 519 1489 m
544 1427 803 1488 medium
830 1426 1261 1490 consulebatur.
1304 1425 1496 1486 Porus
1515 1433 1715 1485 tamen
1740 1444 1871 1486 cum
1895 1425 2122 1504 pauciS,
2151 1424 2344 1503 quibus
2373 1371 2375 1495 4

280 1522 443 1575 metu
474 1512 669 1593 potior
706 1514 894 1574 suerat
918 1513 1129 1592 pudor,
1171 1509 1446 1589 colligere
1481 1508 1803 1589 dispersoS,
1849 1511 2056 1571 obvius
2081 1510 2289 1571 hosti
2273 1496 2375 1570 ire!

178 1608 259 1671 23
281 1598 473 1679 pergit
502 1598 965 1678 elephantosque
1004 1606 1141 1659 ante
1174 1615 1388 1675 agmen
1427 1614 1666 1659 suorum
1711 1597 1804 1675 agi
1839 1596 2021 1657 iubet.
2085 1594 2344 1674 Magnum

280 1684 529 1745 beluae
515 1684 771 1744 iniecere
791 1692 1099 1754 terrorem,
1142 1682 1531 1761 insolitusque
1557 1681 1775 1751 stridor
1796 1700 1917 1743 non
1951 1700 2142 1761 equos
2167 1682 2346 1749 modo,

280 1779 399 1830 tam
425 1768 699 1847 pavidum
725 1771 798 1828 ad
820 1768 1015 1829 omnia
1041 1768 1270 1841 animal,
1297 1768 1400 1828 sed
1425 1766 1580 1828 viros
1605 1787 1838 1847 quoque
1857 1767 2220 1847 ordinesque
2240 1776 2346 1827 tur-

279 1854 536 1914 baverat.
762 1904 765 1909 .
2375 1906 2377 1915 .

176 1949 261 2012 24
412 1939 531 2000 lam
549 1938 723 2015 fugae
742 1934 1286 2016 circumspiciebant
1303 1936 1498 2000 locum
1520 1938 1715 2020 paullo
1737 1944 1871 2000 ante
1889 1935 2166 2014 victores,
2183 1956 2349 2018 quum

279 2022 607 2085 Alexander
632 2020 920 2101 Agrianos
962 2031 1020 2083 et
1044 2024 1304 2085 Thracas
1335 2023 1537 2085 leviter
1565 2033 1839 2097 armatoS,
1884 2023 2193 2086 meliorem
2219 2043 2348 2084 con-

177 2116 259 2178 ·25
282 2110 614 2170 cursatione
649 2125 823 2187 quam
858 2108 1123 2171 cominus
1160 2110 1420 2184 militem,
1449 2107 1652 2171 ‘emisit
1676 2109 1735 2170 in
1765 2109 1988 2170 beluas.
2053 2110 2348 2188 Ingentem

282 2195 340 2256 hi
370 2193 479 2256 vim
512 2195 756 2256 telorum
778 2193 1031 2256 iniecere
1058 2205 1115 2256 et
1139 2195 1466 2276 elephantis
1491 2205 1546 2256 et
1567 2195 1906 2274 regentibus
1933 2213 2055 2256 eoS.
2103 2195 2348 2258 Phalanx

178 2288 261 2350 26
281 2301 513 2361 quoque
548 2281 768 2342 instare
803 2289 1140 2343 constanter
1171 2282 1388 2343 territis
1427 2281 1637 2359 coepit.
1707 2281 1825 2342 Sed
1862 2280 2100 2358 quidam
2139 2281 2350 2342 avidius

284 2367 623 2446 persequuti
652 2364 851 2426 beluas
895 2365 953 2426 in
990 2373 1176 2428 semet
1196 2366 1498 2428 irritavere
1537 2365 1893 2427 vulneribus.
1965 2363 2182 2428 Obtriti
2217 2383 2352 2442 ergo

280 2453 527 2530 pedibus
556 2470 754 2513 earum
783 2451 1010 2526 ceteriS‚
1048 2461 1111 2513 ut
1134 2452 1367 2531 parcius
1389 2451 1692 2523 instarent,
1730 2452 1894 2512 fuere
1921 2450 2356 2513 documentum.

179 2538 599 2616 27P1aecipue
638 2537 911 2598 terribilis
951 2537 1045 2598 illa
1071 2537 1252 2599 facies
1281 2547 1424 2610 erat,
1470 2556 1650 2617 quum
1681 2555 1860 2599 manu
1890 2555 2052 2596 arma
2086 2538 2354 2614 virosque

179 2627 261 2686 ‘28
282 2623 647 2700 corriperent
698 2633 754 2684 et
800 2641 983 2702 super
1032 2641 1099 2684 se
1141 2611 1483 2701 regentibus
1529 2624 1843 2684 traderent.
1923 2624 2164 2702 Anceps
2223 2639 2352 2698 ergo

282 2725 477 2784 pugna
504 2725 661 2768 nunc
693 2708 1059 2786 sequentium
1092 2727 1252 2770 nunc
1276 2709 1619 2787 fugientium
1657 2709 2041 2788 elephantos
2024 2727 2088 2769 ιιι
2114 2710 2356 2770 multum

284 2791 398 2852 diei
422 2789 641 2853 varium
670 2801 965 2854 certamen
992 2795 1259 2868 extraxit,
1299 2796 1490 2872 donec
1515 2794 1819 2855 securibus
1854 2792 1943 2872 (id
1975 2813 2236 2873 namque
2263 2811 2360 2872 ge-

179 2879 259 2940 29
278 2896 391 2938 nus
428 2878 621 2938 auxilii
660 2887 1067 2958 praeparatum
1106 2879 1262 2960 erat)
1297 2881 1482 2960 pedes
1522 2889 1820 2958 amputare
1857 2888 2206 2959 coeperunt.
2255 2880 2358 2940 Co-

276 2963 447 3042 pidas
466 2963 753 3026 vocabant
780 2965 998 3044 gladios
1022 2966 1227 3028 leviter
1252 2975 1539 3040 curvatoS,
1566 2965 1808 3026 falcibus
1833 2965 2070 3039 similes,
2099 2971 2240 3046 quis
2265 2985 2360 3044 ap-

269 3049 559 3128 petebant
578 3051 879 3111 beluarum
901 3069 1129 3113 manus.
1174 3051 1298 3113 Nec
1316 3052 1632 3132 quidquam
1658 3051 2027 3130 inexpertum
2047 3071 2176 3112 non
2201 3071 2358 3113 mor-

277 3134 352 3196 tis
375 3135 574 3209 modo,
601 3136 705 3198 sed
734 3136 908 3198 etiam
934 3136 995 3197 in
1018 3137 1146 3216 ipsa
1169 3145 1361 3200 morte
1381 3139 1519 3198 novi
1544 3136 1816 3217 supplicii
1835 3138 2008 3199 timor
2031 3139 2360 3201 omittebat.

177 3218 260 3280 30
406 3221 562 3300 Ergo
587 3221 878 3301 elephanti
907 3222 1251 3284 vulneribus
1277 3224 1513 3284 tandem
1525 3222 1755 3321 ‘fatigati
1780 3242 1922 3284 suos
1941 3223 2171 3322 impetu
2214 3233 2358 3286 ster-

278 3315 447 3381 nunt,
476 3316 536 3368 et
559 3308 656 3388 qui
681 3317 951 3369 rexerant
973 3325 1098 3382 eoS,
1136 3309 1497 3388 praecipitati
1521 3309 1817 3370 interram
1845 3309 1962 3369 ab
1943 3311 2094 3388 ipsis
2120 3311 2359 3372 obtere-

278 3391 515 3454 bantur.
580 3395 781 3474 ltaque
820 3411 1099 3473 pecorum
1133 3395 1312 3455 modo
1346 3395 1532 3473 magis
1558 3395 1751 3474 pavidi
1776 3413 1947 3474 quam
1983 3395 2188 3458 infesti
2217 3397 2362 3456 alm

180 3470 258 3532 31
282 3475 463 3537 aciem
485 3475 878 3558 exigebantur,
905 3497 1083 3558 quum
1102 3479 1312 3554 Porus,
1341 3481 1649 3542 destitutus
1668 3499 1700 3540 a
1719 3480 2008 3561 pluribuS,
2028 3481 2147 3544 tela
2169 3481 2360 3543 multo

282 3567 417 3621 ante
440 3577 783 3645 praeparata
800 3565 859 3626 in
881 3563 1264 3628 circumfusos
1289 3585 1359 3626 ex
1380 3567 1694 3645 elephanto
1718 3584 1827 3628 suo
1847 3568 2039 3648 coepit
2059 3569 2360 3648 ingerere,
