2417 3900
268 140 391 203 176
536 196 545 205 ,
736 142 835 203 DE
878 140 1140 205 GESTIS
1183 140 1612 206 ALEXANDRI
1651 141 1894 209 MAGNI

266 260 517 329 suumei
544 260 716 341 parti,
746 278 917 340 quam
945 278 1011 321 se
1037 268 1240 339 petere
1267 260 1594 334 simulabat,
1621 264 1811 341 coegit
1833 262 2158 323 advertere.
2217 258 2347 323 lam

161 352 248 417 20
266 356 427 415 extra
452 356 833 427 conspectum
859 345 1047 408 ‚bostis
1070 345 1262 407 insula
1291 355 1446 407 erat:
1478 346 1808 409 Alexander
1830 348 1892 409 in
1921 346 2148 409 diversa
2173 354 2345 424 parte

263 432 427 513 ripae
470 434 645 494 statui
687 452 857 494 suum
898 432 1336 493 tabernaculum
1377 430 1574 505 iussit,
1623 442 2036 512 assuetumque
2079 431 2348 493 comitari
2398 494 2399 515 ἦ

263 519 459 597 ipsum
488 518 789 581 cohortem
820 526 955 579 ante
982 517 1039 579 id
1069 517 1504 600 tabernaculum
1539 525 1714 591 stare,
1751 528 1811 580 et
1835 534 2072 579 omnem
2093 534 2348 595 appara·

263 613 391 669 tum
428 603 623 682 regiae
648 601 1113 682 magnificentiae
1147 603 1404 665 hostium
1443 602 1626 665 oculis
1665 604 1739 665 de
1769 601 2060 665 industria
2087 603 2348 663 ostendi.

160 690 243 755 21
265 690 542 761 Attalum,
587 698 647 751 et
670 691 969 767 aequalem
1006 687 1205 751 sibiet
1237 689 1392 749 baud
1422 688 1714 767 disparem
1741 688 1943 752 habitu
1969 686 2092 749 oris
2125 695 2188 748 et
2213 707 2348 749 cor-

263 775 446 853 poris,
484 774 688 853 utique
710 794 889 853 quum
914 774 1121 853 procul
1144 774 1452 846 viseretur,
1493 783 1654 836 veste
1677 776 1838 853 regia
1865 779 2131 843 exornat:
2170 792 2346 853 prae-

262 859 520 921 biturum
546 859 821 938 speciem,
868 862 1059 938 ipsum
1092 876 1293 935 regem
1327 859 1408 920 illi
1435 859 1598 938 ripae
1623 861 1964 939 praesidere
1989 877 2102 920 nec
2125 859 2345 937 agitare

160 942 243 1005 22
264 944 338 1004 de
356 944 626 1004 transitu.
660 945 861 1029 ⁸Huius
884 944 1111 1005 consilii
1134 945 1404 1023 effectum
1427 945 1618 1023 primo
1643 958 1866 1008 morata
1891 953 2212 1024 tempestas
2237 953 2344 1018 est,

262 1046 400 1091 mox
423 1028 659 1101 adiuvit,
687 1029 1061 1092 incommoda
1088 1047 1326 1113 quoque
1349 1030 1425 1091 ad
1453 1031 1643 1092 bonos
1667 1042 1911 1095 eventus
1935 1039 2198 1092 vertente
2219 1032 2345 1091 for-

158 1124 242 1186 23
260 1122 420 1177 tuna.
486 1114 781 1177 Traiicere
816 1133 1048 1179 amnem
1078 1133 1209 1175 cum
1238 1115 1446 1176 ceteris
1469 1116 1654 1196 copiis
1677 1117 1740 1177 in
1767 1117 2068 1196 regionem
2095 1116 2336 1189 insulae,

261 1202 335 1263 de
362 1216 477 1279 qua
502 1210 635 1261 ante
666 1200 881 1263 dictum
911 1209 1019 1273 est,
1063 1200 1325 1279 parabat,
1371 1219 1578 1263 averso
1615 1202 1788 1265 hoste
1818 1202 1880 1263 in
1907 1220 2029 1275 eos,
2073 1200 2166 1280 qui
2190 1219 2332 1261 cum
2399 1224 2401 1239 ⁴

257 1286 596 1348 Ptolemaeo
617 1286 953 1347 inferiorem
974 1286 1332 1347 obsederant
1351 1286 1570 1366 ripam:
1607 1307 1788 1367 quum
1813 1288 2066 1367 procella
2089 1286 2334 1348 imbrem

256 1371 351 1433 vix
386 1367 497 1432 sub
534 1372 701 1433 tectis
736 1372 1100 1433 tolerabilem
1140 1372 1362 1433 effudit.
1432 1372 1760 1454 Obrutique
1793 1374 2000 1435 milites
2033 1372 2238 1433 nimbo
2277 1371 2340 1433 in

258 1465 475 1517 terram
506 1459 849 1535 refugerunt
874 1456 1117 1535 navigiis
1150 1457 1490 1537 ratibusque
1517 1459 1784 1521 desertis.
1832 1460 1950 1521 Sed
1977 1458 2340 1521 tumultuan-

260 1542 403 1603 tium
425 1543 709 1615 sremitus,
732 1542 1211 1623 obstrepentibus
1233 1544 1439 1619 ventis,
1460 1544 1535 1605 ab
1553 1544 1726 1605 hoste
1745 1563 1866 1606 non
1886 1552 2118 1624 poterat
2133 1542 2341 1605 audiri.

156 1636 242 1698 24
259 1626 485 1689 Deinde
524 1638 823 1689 momento
848 1628 1135 1708 temporis
1172 1648 1484 1708 repressus
1517 1640 1610 1691 est
1641 1630 1851 1706 imber,
1896 1638 2158 1691 ceterum
2195 1630 2342 1690 adeo

260 1713 491 1791 spissae
528 1713 835 1775 intendere
870 1732 939 1775 se
974 1714 1182 1786 nubes,
1229 1722 1294 1777 ut
1325 1716 1651 1777 conderent
1682 1717 1885 1799 lucem¹
1907 1715 2118 1795 vixque
2160 1716 2344 1777 collo·
2401 1760 2403 1769 ,

156 1803 241 1867 25
262 1798 560 1876 quentium
594 1799 749 1859 inter
782 1798 947 1877 ipsos
978 1797 1157 1859 facies
1184 1800 1591 1863 noscitaretur.
1657 1802 1990 1865 Terruisset
2027 1800 2209 1861 alium
2237 1800 2344 1861 ob-

260 1882 431 1943 ducta
460 1900 577 1943 nox
602 1883 786 1956 coelo,
830 1902 1007 1962 quum
1033 1883 1238 1962 ignoto
1260 1902 1432 1947 amne
1455 1887 1846 1965 navigandum
1877 1896 2052 1960 esset,
2090 1886 2346 1947 forsitan

258 1969 441 2030 hoste.
456 1985 585 2048 eam
606 1967 799 2047 ipsam
820 1969 1029 2048 ripam,
1065 1987 1238 2046 quam
1271 1971 1428 2032 caeci
1449 1967 1970 2053 atque'improvidi
1997 1982 2056 2034 et
2081 1988 2156 2034 ex
2183 1973 2345 2053 peri-

154 2057 239 2122 26
260 2053 393 2115 culo
438 2054 679 2132 gloriam
716 2053 1081 2116 arcessentes
1119 2057 1421 2134 petebant,
1471 2070 1820 2138 occupante.
1887 2059 2344 2132 obscuritatem,

258 2157 405 2220 quae
450 2151 677 2202 ceteros
713 2141 989 2213 terrebat,
1032 2159 1200 2202 suam
1233 2142 1602 2206 occasionem
1641 2154 1817 2218 ratuS,
1864 2146 2000 2208 dato
2039 2143 2236 2223 signo,
2275 2153 2341 2206 ut
2404 2165 2405 2168 ¹

258 2243 467 2288 omnes
504 2225 735 2288 silentio
772 2228 1163 2290 ascenderent
1182 2226 1246 2290 in
1277 2239 1454 2302 rates,
1497 2247 1648 2302 eam,
1689 2249 1802 2310 qua
1839 2229 1969 2310 ipse
1998 2230 2338 2304 vehebatur,

152 2322 239 2386 27
258 2312 503 2396 primam
529 2311 701 2376 iussit
724 2312 953 2391 expelli.
999 2312 1187 2374 Vacua
1215 2323 1340 2376 erat
1358 2316 1434 2375 ab
1461 2315 1733 2378 hostibus·
1753 2316 1898 2394 ripa,
1925 2335 2078 2395 quae
2096 2316 2342 2396 peteba-

255 2397 381 2472 tur}
424 2398 643 2477 quippe
670 2398 867 2460 adbuc
888 2398 1076 2460 Porus
1102 2398 1498 2464 Ptolemaeum
1537 2409 1760 2466 tantum
1789 2401 2145 2466 intuebatur.
2211 2399 2344 2464 Una

258 2500 401 2561 ergo
426 2483 579 2556 navi,
627 2501 799 2562 quam
828 2491 1029 2562 petrae
1068 2484 1280 2546 fluctus
1313 2486 1572 2560 illiserat,
1613 2487 1894 2554 haerente
1933 2497 2164 2550 ceterae
2193 2489 2358 2548 eva--

257 2567 423 2638 dunt,
466 2585 745 2646 armaque
770 2586 982 2648 capere
1010 2568 1224 2630 milites
1245 2578 1307 2630 et
1329 2571 1414 2632 ire
1439 2571 1500 2634 in
1527 2572 1767 2637 ordines
1793 2573 1984 2636 iussit.

199 2661 235 2722 1
387 2652 475 2712 Ca
485 2671 544 2731 p.
572 2653 721 2714 xlv,
764 2654 1007 2733 lamque
1026 2671 1254 2735 ,agmen
1289 2656 1346 2717 in
1376 2675 1595 2720 cornua
1621 2659 1874 2721 divisum
1905 2659 2035 2739 ipse
2063 2659 2340 2730 ducebat,

257 2754 435 2815 quum
462 2737 617 2798 Poro
658 2739 985 2814 nunciatur,
1034 2739 1214 2800 armis
1249 2741 1508 2822 virisque
1545 2744 1734 2823 ripam
1771 2744 2023 2808 obtineri
2049 2753 2107 2806 et
2135 2761 2348 2806 rerum

254 2821 469 2882 adesse
490 2822 829 2885 discrimen.
891 2825 977 2886 Ac
1010 2824 1206 2903 primo
1242 2825 1480 2890 humani
1515 2829 1730 2908 ingenii
1756 2831 1894 2896 vitio
1919 2829 2048 2912 spei
2069 2847 2218 2892 suae
2243 2830 2350 2890 in-

256 2905 503 2984 dulgens
520 2908 805 2970 Abisaren
830 2909 967 2972 belli
990 2910 1216 2972 socium
1245 2909 1434 2990 (etita
1455 2916 1842 2998 convenerat)
1869 2919 2192 2980 adventare
2210 2934 2350 2978 cre-

190 2996 235 3060 2
256 2991 451 3053 debat.
520 2993 658 3055 Mox
678 2994 985 3074 liquidiore
1012 2996 1143 3058 luce
1170 2999 1472 3076 aperiente
1499 3000 1730 3064 bostem
1757 3023 1794 3066 c
1831 3003 2146 3084 quadrigas
2187 3012 2252 3065 et
2283 3019 2346 3064 iv

252 3077 409 3139 milia
436 3079 694 3158 equitum
716 3080 970 3143 venienti
998 3082 1216 3160 agmini
1243 3084 1474 3146 obiecit.
1517 3085 1645 3148 nux
1671 3097 1800 3150 erat
1820 3089 2142 3168 copiarum,
2191 3107 2344 3169 quas

187 3166 235 3230 3
255 3164 577 3245 praemisit,
602 3167 791 3244 Hages
810 3168 987 3229 frater
1006 3168 1209 3246 ipsius,
1235 3188 1468 3232 summa
1487 3171 1690 3234 virium
1716 3174 1776 3235 in
1799 3175 2092 3238 curribus.
2135 3176 2342 3238 Senos

252 3250 411 3313 viros
434 3251 646 3330 singuli
670 3253 976 3327 vehebant,
1004 3254 1155 3314 duos
1176 3255 1480 3334 clipeatos.
1509 3257 1660 3320 duos
1685 3259 2037 3338 sagittarios,
2065 3260 2142 3322 ab
2169 3270 2344 3322 utro-

254 3354 369 3415 que
400 3337 579 3400 latere
607 3337 961 3418 dispositos3
1006 3339 1242 3418 aurigae
1263 3352 1434 3404 erant
1457 3343 1654 3416 ceteri,
1697 3345 1857 3408 haud
1879 3363 2025 3408 sane
2051 3346 2342 3422 inermes,

254 3427 475 3503 quippe
498 3425 683 3488 iacula
714 3423 1033 3502 complura,
1061 3425 1158 3486 ubi
1184 3427 1451 3490 cominus
1476 3430 1882 3507 proeliandum
1911 3440 2065 3513 ¹erat,
2089 3433 2349 3496 omissis

186 3505 235 3566 ⁴
252 3504 499 3572 habenis
542 3512 601 3574 in
636 3513 867 3573 hostem
899 3509 1263 3588 ingerebant.
1332 3513 1602 3576 Ceterum
1637 3515 1731 3578 vix
1773 3518 1928 3580 ullus
1965 3537 2113 3581 usus
2151 3520 2352 3586 hunus

252 3594 449 3657 auxilii
466 3614 541 3658 eo
558 3598 653 3660 die
670 3597 796 3660 ruit.
840 3595 1120 3676 Namque,
1146 3606 1213 3659 ut
1231 3617 1410 3679 supra
1427 3600 1646 3664 dictum
1667 3615 1778 3678 est,
1801 3603 1994 3668 imber
2005 3601 2358 3702 violentffus

2235 3706 2280 3880 i
