2417 3900
494 108 639 182 Lm.
682 119 777 182 iv.
823 116 952 197 (ιι.)
1025 117 1186 180 car.
1228 116 1379 178 xvi.
1454 113 1707 180 1—19.
2040 69 2131 176 οὲ

66 234 270 296 maiore
312 243 370 296 et
396 236 474 298 ob
513 236 574 298 id
603 237 820 301 tutiore
845 236 1160 306 circumitu
1177 235 1379 314 Tigrin
1415 245 1658 317 superat
1680 245 1737 298 et
1760 235 2123 316 Babylonem

67 341 186 381 cuni
210 321 466 400 reliquiis
495 322 710 384 devicti
735 321 1251 382 exercitus-intrat.

177 407 400 470 Dareus
427 409 645 489 §paucis
684 410 858 485 fugae
897 407 1213 471 comitibus
1246 407 1323 466 ad
1347 406 1565 485 Lycum
1602 424 1841 468 amnem
1878 404 2187 467 conten-8

64 493 237 566 derat,
257 514 372 572 quo
399 495 653 556 traiecto.
673 491 974 567 dubitavit,
997 512 1074 554 an
1097 493 1353 554 solveret
1372 500 1631 572 pontem,
1654 493 1751 572 qui
1755 509 1875 572 ppo
1893 491 2131 552 hostem
2208 482 2215 510 '

61 578 162 640 iam
189 582 374 640 affore
399 579 808 642 nunciabatur.
863 581 983 642 Sed
1009 588 1098 643 tot
1117 579 1277 641 milia
1300 597 1561 652 suorum,
1589 596 1737 657 quae
1760 579 2029 640 nondum
2054 577 2134 638 ad

59 685 288 726 amnem
317 673 734 744 pervenerant,-
771 675 954 745 ponte
975 666 1168 728 reciso
1197 665 1435 726 videbat
1457 665 1739 743 praedam
1763 664 1953 726 hostis
1981 664 2131 725 fore.

58 753 413 824 Abeuntein,
464 770 642 831 quum
691 751 976 816 intactum
1022 751 1250 814 sineret
1294 759 1574 831 pontem,
1624 750 1841 811 dixisse
1878 754 2191 824 conatam)

56 837 229 898 malle
257 855 322 896 se
348 838 731 918 sequentibus
748 839 860 901 iter
892 839 1036 902 dare
1073 857 1251 918 quam
1291 839 1527 899 auferre
1562 836 1944 914 fugientibus.
1994 837 2133 916 lpse

53 922 265 1000 ingens
290 923 539 1002 spatium
567 926 702 1002 fuga
727 943 1008 989 emensus
1035 925 1229 986 media
1253 925 1377 985 fere
1402 930 1581 986 nocte
1601 923 1813 985 Arbela
1840 921 2132 1002 pervenit.

59 1008 200 1081 Quis
232 1017 318 1070 tot
336 1009 586 1072 ludibria
611 1011 907 1086 fortunae,
946 1012 1163 1073 ducum
1202 1010 1622 1088 agminumque
1648 1009 1891 1072 caedem
1928 1007 2241 1072 multido

57 1095 282 1175 plicem‚
319 1095 680 1159 devictorum
721 1099 939 1178 fugam,
979 1098 1176 1160 clades
1201 1115 1365 1158 nunc
1384 1096 1772 1174 singulorum,
1809 1113 1971 1156 nunc
1994 1093 2137 1154 uni·-

59 1201 388 1258 versorum,
435 1192 540 1246 aut
582 1183 780 1244 animo
825 1184 1064 1263 assequi
1105 1190 1284 1262 queat
1320 1190 1422 1242 aut
1464 1181 1731 1243 oratione
1775 1174 2137 1258 complecti?

61 1269 493 1348 Propemodum
528 1269 714 1330 seculi
741 1269 930 1330 resin
948 1287 1130 1332 unum
1157 1268 1319 1332 illum
1350 1267 1505 1328 diem
1530 1283 1645 1345 pro
1668 1267 1902 1324 fortuna
1926 1279 2141 1326 cumu-

60 1353 204 1416 lavit.
250 1353 362 1416 Alii
400 1373 518 1433 qua
558 1353 972 1416 brevissimum
994 1353 1236 1432 patebat
1258 1354 1390 1424 iter,
1438 1351 1533 1411 alii
1568 1352 1837 1412 diversos
1870 1349 2053 1410 saltus
2078 1357 2139 1411 et
2158 1349 2237 1411 11

59 1439 281 1517 ignotas
326 1439 722 1520 sequentibus
759 1439 937 1504 calles
975 1437 1277 1518 petebant.
1321 1438 1521 1516 Eques
1561 1435 1867 1514 pedesque
1908 1434 2140 1496 confusi

61 1526 181 1586 sine
226 1524 414 1596 duce,
461 1524 701 1586 armatis
749 1524 1046 1598 inermeS,
1097 1521 1343 1601 integris
1390 1521 1615 1582 debiles
1666 1520 2136 1600 implicabantur.

57 1611 281 1672 Deinde
327 1608 736 1686 misericordia
771 1610 834 1673 in
877 1618 1098 1673 metum
1137 1612 1323 1682 versa,
1366 1607 1467 1687 qui
1496 1607 1665 1686 sequi
1697 1625 1819 1668 non
1844 1614 2137 1686 poterant,
2161 1601 2243 1666 12

57 1697 207 1760 inter
233 1704 476 1760 mutuos
503 1696 754 1776 gemitus
781 1697 1229 1760 deserebantur.
1258 1695 1415 1756 Sitis
1440 1694 1761 1774 praecipue
1784 1694 2057 1772 fatigatos
2080 1699 2143 1754 et

59 1781 292 1845 saucios
317 1783 653 1862 perurebat,
689 1783 1036 1863 passimque
1069 1782 1343 1844 omnibus
1372 1781 1512 1843 rivis
1540 1786 1979 1860 prostraverant
2004 1797 2141 1840 cor·

61 1888 200 1949 pora
223 1871 743 1951 praeterfluentem
769 1889 982 1951 aquam
1018 1869 1202 1931 hianti
1240 1887 1343 1930 ore
1368 1875 1691 1947 captantes.
1738 1867 1928 1940 Quam
1957 1883 2141 1946 quum
2162 1869 2245 1933 13

63 1957 208 2019 avidi
249 1956 547 2021 turbidam
587 1957 954 2032 hausissent,
1007 1957 1401 2019 tendebantur
1442 1954 1737 2035 extemplo
1788 1952 2141 2034 praecordia

67 2051 366 2123 premente
411 2042 588 2117 limo,
634 2044 1031 2123 resolutisque
1067 2051 1126 2104 et
1166 2040 1549 2121 torpentibus
1596 2039 1909 2112 membris,
1958 2054 2143 2115 quum

69 2128 501 2209 supervenisset
535 2129 756 2205 hostiS,
806 2131 976 2191 novis
1017 2128 1359 2189 vulneribus
1392 2124 1817 2187 excitabantur.
1888 2122 2145 2194 Quidam
2167 2126 2251 2187 14

71 2214 366 2295 occupatis
419 2214 705 2294 proximis
759 2214 902 2276 rivis
955 2214 1327 2273 deverterant
1382 2210 1646 2287 longius,
1712 2217 1806 2282 ut,
1858 2204 2147 2285 quidquid
2188 2220 2193 2225 ’

71 2300 278 2363 occulti
297 2298 572 2359 humoris
595 2316 844 2377 usquam
865 2304 1151 2370 manaret,
1175 2297 1535 2374 exciperent,
1562 2310 1679 2353 nec
1700 2294 1816 2353 ulla
1842 2292 1996 2353 adeo
2021 2289 2149 2351 avia
2172 2303 2186 2313 ⁴

73 2396 122 2449 et
149 2386 308 2447 sicca
333 2384 546 2445 lacuna
582 2391 736 2460 erat,
773 2392 838 2446 ut
871 2382 1286 2461 vestigantium
1314 2380 1469 2441 sitim
1498 2378 1737 2439 falleret.
1792 2378 1839 2438 E
1862 2374 2147 2457 proximis
2169 2378 2249 2441 15

73 2491 200 2535 vero
227 2470 429 2534 itineri
466 2468 608 2533 vicis
643 2469 898 2533 ululatus
933 2486 1142 2531 senum
1182 2466 1648 2544 feminarumque
1686 2462 2151 2526 exaudiebantur

72 2556 316 2622 barbaro
347 2557 468 2619 ritu
489 2556 745 2621 Dareum
774 2556 971 2618 adhuc
997 2572 1203 2633 regem
1231 2551 1625 2614 clamantium.

191 2642 558 2721 Alexander,
583 2653 854 2723 utsupra
879 2642 1098 2703 dictum
1125 2649 1250 2713 est,
1276 2638 1523 2701 inhibito
1550 2655 1795 2699 suorum
1818 2635 2042 2716 impetu
2067 2635 2143 2697 ad
2166 2636 2251 2699 16

75 2728 280 2809 Lycum
330 2748 574 2795 amnem
599 2736 1000 2811 pervenerat,
1042 2727 1145 2791 ubi
1188 2727 1401 2805 ingens
1444 2724 1755 2787 multitudo
1797 2722 2145 2802 fugientium

78 2828 421 2879 oneraverat
444 2824 710 2897 pontem,
737 2826 797 2880 et
817 2815 1104 2899 plerique,
1143 2833 1327 2894 quum
1348 2813 1535 2875 hostis
1562 2816 1813 2891 urgeret,
1840 2809 1901 2871 iu
1924 2811 2149 2871 flumen

79 2920 137 2961 se
162 2902 714 2985 praecipitaverant,
748 2920 1074 2983 gravesque
1099 2900 1281 2963 armis
1316 2912 1375 2961 et
1396 2898 1621 2979 proelio
1660 2915 1729 2957 ac
1753 2898 1894 2975 fuga
1926 2894 2145 2976 fatigati

81 2990 406 3075 gurgitibus,
423 2990 863 3054 hauriebantur.
908 2990 1152 3063 Iamque
1177 3006 1297 3049 non
1316 3004 1472 3066 pons
1499 2985 1677 3060 modo
1699 2984 2010 3060 fugientes,
2036 2981 2145 3044 sed
2167 2976 2247 3038 17

82 3092 149 3133 ne
182 3076 373 3139 amnis
418 3075 652 3157 quidem
693 3076 962 3158 capiebat
984 3074 1218 3154 agmina
1254 3091 1362 3134 sua
1398 3070 1723 3151 improvide
1763 3068 2016 3131 subinde
2042 3084 2148 3127 cu-

83 3162 398 3225 mulantes:
438 3162 654 3243 quippe
681 3163 777 3226 ubi
804 3162 1038 3225 intravit
1062 3160 1291 3221 animos
1318 3176 1520 3239 pavor,
1548 3157 1613 3219 id
1642 3156 1831 3218 solum
1858 3158 2145 3223 metuunt,

86 3249 235 3325 quod
288 3246 550 3329 primum
607 3249 928 3313 formidare
986 3254 1346 3328 coeperunt..
1408 3244 1736 3305 Alexander
1790 3237 2146 3303 instantibus
2168 3228 2251 3322 18

89 3334 220 3407 suiS,
262 3334 512 3414 impune
541 3334 854 3397 abeuntem
878 3336 1111 3397 hostem
1150 3332 1513 3412 permitteret
1538 3329 1724 3409 sequi,
1766 3326 1998 3389 hebetia
2028 3321 2145 3381 tela
2200 3354 2205 3357 -

89 3436 214 3480 esse
255 3430 315 3481 et
363 3438 574 3482 manus
620 3422 887 3500 fatigatas
940 3430 1221 3499 tantoque
1266 3436 1443 3478 cursu
1486 3433 1755 3495 corpora*
1774 3412 2051 3471 exhausta
2090 3412 2151 3465 et

91 3522 370 3586 praeceps
411 3506 475 3567 in
501 3517 734 3570 noctem
761 3505 873 3568 diei
899 3516 1130 3587 tempus
1157 3511 1462 3566 caussatus
1486 3511 1593 3564 est.
1639 3502 1860 3560 Revera
1886 3493 1960 3553 de
1980 3492 2149 3553 laevo
2172 3499 2251 3562 19

93 3610 292 3665 cornu,
333 3592 492 3673 quod
538 3595 732 3659 adhuc
761 3592 824 3656 in
861 3593 985 3654 acie
1013 3604 1174 3655 stare
1199 3589 1497 3663 credebat,
1531 3583 1813 3649 sollicitus
1835 3577 2050 3641 reverti
2074 3579 2153 3640 ad

193 3689 396 3738 Curtius.
1708 3678 1741 3727 5
