2417 3900
214 66 296 127 94
522 70 531 73 “
655 62 756 123 DE
803 60 1067 121 GESTIS
1112 60 1545 121 ALEXANDRI
1588 57 1828 119 MAGNI
1892 47 1905 57 ³

110 185 194 247 21
213 186 372 246 lenta
397 181 539 241 dare
569 179 714 241 iussi
737 187 893 241 sunt.
937 178 1049 239 Hic
1076 179 1188 242 fuit
1211 179 1399 241 exitus
1422 178 1581 252 belli,
1611 178 1768 258 quod
1799 180 2047 255 repente
2078 181 2317 246 ortum,

214 269 380 351 prius
413 278 613 327 tamen
647 266 880 327 finitum
907 273 1016 339 est,
1051 284 1227 345 quam
1254 265 1509 327 Dareum
1532 264 1865 327 Alexander
1900 260 2057 340 apud
2082 259 2319 321 Arbela

215 372 290 418 'su
335 358 544 413 eraret.

157 451 192 513 1
289 374 336 445 p
329 434 433 500 Ca
448 458 506 517 p.
501 434 596 497 11.
629 436 747 497 Sed
770 446 835 497 ut
850 436 1106 534 primum
1125 435 1482 498 instantibus
1509 434 1662 495 curis
1686 435 1909 493 laxatus
1928 438 2021 491 est
2042 428 2321 504 animuS,

213 525 548 588 militarium
578 533 775 584 rerum
806 541 980 601 quam
1003 522 1216 602 quietis
1242 517 1459 600 otiique
1482 518 1817 599 patientior,
1843 527 2140 596 excepere
2166 534 2321 577 eum

193 612 566 690 voluptates,
607 617 666 669 et
701 626 875 686 quem
914 626 1077 669 arma
1101 608 1420 669 Persarum
1464 626 1587 667 non
1612 609 1927 683 fregerant,
1968 602 2108 665 vitia
2144 602 2321 663 vice-

153 708 193 769 2
213 692 370 767 runt,
393 694 804 773 intempestiva
827 694 1090 754 convivia
1111 702 1170 755 et
1190 692 1546 773 perpotandi
1566 688 2106 771 pervigilandique
2086 706 2318 749 insana

217 782 466 844 dulcedo
507 778 748 859 ludique
787 788 846 841 et
881 798 1092 859 greges
1123 780 1417 861 pellicum,
1454 777 1653 839 omnia
1691 778 1752 839 in
1790 784 2101 841 externum
2132 775 2317 854 lapsa

213 885 464 929 morem.
527 866 714 939 Quem
748 866 1076 930 aemulatus
1114 866 1289 945 quasi
1320 864 1615 944 potiorem
1648 882 1759 924 suo
1804 862 1885 923 ita
1921 860 2314 959 popularium

217 954 448 1014 animos
476 950 802 1028 oculosque
828 950 1051 1029 pariter
1074 950 1335 1024 offendit,
1365 959 1430 1011 ut
1456 969 1487 1010 a
1516 949 1815 1029 plerisque
1840 948 2163 1009 amicorum
2185 965 2309 1025 pro

118 1024 196 1111 3
217 1041 388 1101 hoste
425 1036 763 1098 haberetur.
835 1036 1100 1101 Tenaces
1144 1036 1365 1117 quippe
1400 1036 1743 1115 disciplinae
1784 1052 1929 1095 suae
1976 1032 2303 1111 solitosque

216 1144 396 1223 parco
434 1142 504 1183 ac
526 1119 777 1221 parabili
809 1120 964 1184 victu
999 1123 1075 1184 ad
1115 1122 1419 1202 implenda
1446 1132 1691 1183 naturae
1726 1119 2023 1181 desideria
2056 1117 2304 1195 defungi

156 1218 198 1279 4
216 1210 277 1274 ιιι
303 1208 619 1291 peregrina
648 1215 707 1269 et
733 1207 1088 1269 devictarum
1116 1209 1377 1289 gentium
1404 1209 1557 1269 mala
1584 1206 1921 1287 impulerat.
1982 1205 2134 1265 Hinc
2166 1221 2307 1264 sae-

217 1298 352 1377 pius
370 1301 751 1394 comparatae
779 1292 841 1354 in
869 1302 1044 1374 caput
1065 1294 1189 1355 eius
1216 1294 1483 1367 insidiae,
1509 1292 1773 1355 secessio
1793 1291 2043 1353 militum
2069 1299 2127 1350 et
2152 1290 2311 1351 libe-

217 1382 341 1444 rior
368 1382 522 1442 inter
545 1390 780 1441 mutuas
809 1380 1077 1458 querelas
1117 1380 1305 1454 dolor,
1340 1379 1531 1458 ipsius
1562 1379 1781 1447 deinde
1815 1395 1974 1439 nune
2005 1377 2111 1452 ira,
2140 1394 2313 1437 nunc

219 1466 608 1548 suspicioneS‚
647 1483 792 1545 quas
816 1466 1104 1527 excitabat
1128 1467 1503 1528 inconsultus
1530 1484 1734 1545 pavor,
1766 1472 2078 1543 ceteraque
2099 1462 2199 1537 his
2226 1462 2314 1523 si-

163 1568 200 1625 5
219 1554 394 1627 milia,
421 1571 572 1632 quae
592 1551 807 1612 deinde
832 1550 1120 1613 dicentur.
1159 1552 1344 1630 Igitur
1364 1570 1551 1631 quum
1566 1549 1992 1629 intempestivis
2018 1548 2312 1611 conviviis
2375 1622 2376 1627 γ

220 1641 348 1701 dies
388 1637 612 1718 pariter
641 1644 969 1715 noctesque
1009 1647 1405 1713 consumeret,
1432 1637 1755 1699 satietatem
1793 1636 2097 1715 epularum
2148 1634 2311 1696 ludis

216 1724 657 1801 interpellabat,
684 1740 806 1783 non
835 1730 1151 1784 contentus
1175 1722 1480 1795 artificum,
1508 1742 1658 1802 quos
1690 1740 1723 1783 e
1747 1721 1990 1784 Graecia
2013 1721 2310 1783 excitare·
2375 1730 2376 1733 ’

220 1819 331 1883 rat,
354 1808 546 1881 turba,
573 1806 792 1885 quippe
828 1807 1086 1885 captivae
1114 1808 1470 1869 iubebantur
1500 1828 1609 1869 suo
1646 1808 1761 1869 ritu
1790 1825 2003 1869 canere
2031 1806 2306 1869 incondi-

163 1912 202 1974 6
225 1904 348 1958 ιιιιιι
385 1901 444 1955 et
464 1893 792 1954 abhorrens
815 1893 1144 1973 peregrinis
1173 1894 1416 1956 auribus
1446 1912 1699 1958 carmen.
1750 1894 1915 1956 Inter
1940 1912 2087 1973 quas
2122 1910 2303 1956 unam

223 2002 328 2044 rex
361 1981 494 2060 ipse
532 1978 842 2058 conspexit
872 1980 1253 2041 maestiorem
1282 1996 1455 2060 quam
1482 1993 1707 2045 ceteras
1742 1989 1801 2042 et
1836 1980 2311 2061 producentibus

226 2087 356 2130 eam
399 2066 733 2129 verecunde
769 2067 1172 2130 reluctantem.
1234 2065 1541 2129 Excellens
1578 2076 1705 2128 erat
1737 2068 1950 2141 forma,
1974 2074 2034 2129 et
2060 2067 2307 2128 formam
2375 2141 2376 2154 χ

223 2153 424 2236 pudor
445 2151 830 2214 honestabat:
857 2151 1102 2214 deiectis
1123 2153 1188 2214 in
1211 2161 1430 2214 terram
1458 2153 1645 2220 oculis
1670 2161 1745 2226 et,
1770 2160 2053 2232 quantum
2076 2152 2311 2227 licebat,
2375 2175 2376 2226 3

227 2259 333 2302 ore
360 2239 550 2302 velato
579 2237 980 2317 suspicionem
1004 2239 1281 2319 praebuit
1305 2238 1450 2317 regi,
1477 2238 1829 2302 nobiliorem
1858 2257 2011 2313 esse,
2038 2255 2219 2318 quam
2245 2246 2315 2299 ut
2375 2251 2376 2256 ’

167 2337 207 2399 7
226 2329 382 2390 inter
409 2323 742 2389 convivales
767 2325 942 2392 ludos
971 2325 1218 2388 deberet
1240 2325 1493 2390 ostendi.
1536 2327 1693 2407 Ergo
1718 2325 2099 2402 interrogata,
2126 2341 2314 2404 quae-

226 2430 366 2474 nam
407 2419 593 2484 esset,
638 2411 864 2490 neptim
893 2429 960 2470 se
984 2411 1151 2485 Ochi,
1187 2411 1286 2491 qui
1310 2429 1503 2490 nuper
1523 2418 1833 2492 regnasset
1858 2411 1919 2472 in
1944 2409 2160 2484 Persis,
2189 2411 2311 2471 filio

232 2495 358 2558 eius
382 2497 635 2577 genitam
665 2515 799 2557 esse
826 2497 1155 2577 respondit,
1188 2515 1433 2559 uxorem
1462 2497 1770 2578 Hystaspis
1793 2497 1998 2558 fuisse.
2054 2496 2311 2576 Propin-

171 2591 212 2654 8
232 2600 406 2682 quus·
420 2581 518 2642 hic
541 2581 715 2642 Darei
745 2582 953 2656 fuerat,
989 2582 1188 2662 magni
1230 2591 1289 2643 et
1316 2582 1447 2680 ipse
1478 2582 1769 2645 exercitus
1800 2591 2057 2662 praetor.
2100 2581 2312 2644 Adhuc

229 2668 293 2730 in
314 2665 508 2729 animo
537 2665 696 2745 regis
721 2675 934 2729 tenues
959 2665 1243 2766 reliquiae
1269 2668 1503 2749 pristini
1526 2669 1711 2730 moris
1728 2667 2071 2731 haerebant.
2102 2667 2311 2747 ltaque

229 2737 529 2816 fortunam
559 2752 719 2832 regia
757 2753 940 2834 stirpe
970 2754 1202 2833 genitae
1244 2762 1303 2816 et
1338 2766 1455 2817 tam
1492 2755 1723 2817 celebre
1760 2773 1982 2818 nomen
2019 2753 2307 2816 reveritus

228 2859 352 2903 nen
381 2838 592 2901 dimitti
625 2841 805 2901 modo
835 2840 1138 2921 captivam,
1177 2840 1283 2904 sed
1312 2841 1485 2902 etiam
1514 2842 1742 2904 restitui
1768 2842 1821 2906 ei
1843 2860 1983 2903 suas
2006 2859 2155 2921 opes
2178 2839 2310 2901 ius-
2375 2841 2376 2860 ¹

228 2927 325 3000 sit,
353 2925 541 2987 virum
573 2945 809 3007 quoque
836 2927 1074 3007 requiri,
1103 2935 1167 2989 ut
1191 2935 1428 3006 reperto
1457 2929 1769 3006 coniugem
1796 2925 2105 2990 redderet..

169 3025 208 3086 9
359 3014 607 3074 Postero
635 3021 830 3076 autem
867 3015 960 3075 die
986 3013 1286 3093 praecepit
1318 3011 1757 3092 Hephaestioni,
1794 3022 1861 3081 ut
1884 3029 2095 3075 omnes
2121 3012 2309 3092 capti-

146 3122 163 3128 ·
229 3118 336 3162 vos
361 3099 422 3160 in
441 3099 661 3178 regiam
687 3100 916 3163 iuberet
936 3099 1170 3160 adduci.
1217 3098 1306 3160 Ibi
1330 3100 1693 3178 singulorum
1722 3098 2027 3162 nobilitate
2046 3105 2307 3180 spectata

231 3185 480 3249 secrevit
499 3204 534 3246 a
553 3187 747 3264 vulgo,
772 3204 1022 3266 quorum
1049 3185 1346 3246 eminebat
1369 3204 1575 3264 genus.
1615 3187 1771 3248 Mille
1792 3187 1856 3248 hi
1878 3188 2134 3260 fuerunt,
2148 3185 2311 3246 inter
2375 3183 2376 3208 ³

233 3291 384 3351 quos
411 3281 682 3352 repertus
705 3281 798 3337 est
818 3271 1128 3344 Oxathres„
1147 3271 1320 3332 Darei
1342 3273 1547 3346 frater,
1564 3275 1693 3335 non‘
1706 3273 1861 3336 illius
1878 3274 2115 3334 fortuna
2134 3287 2307 3352 quam

131 3363 213 3426 10
231 3357 432 3420 indole
458 3359 637 3423 animi
671 3357 762 3420 sui
791 3356 1020 3418 clarior.
1083 3357 1204 3420 Sex
1228 3366 1287 3418 et
1318 3357 1519 3437 viginti
1550 3359 1709 3421 milia
1732 3360 2017 3422 talentum
2042 3357 2309 3438 proxima
2375 3357 2376 3382 ¹

234 3445 453 3523 praeda
497 3445 734 3506 redacta
776 3451 970 3516 erant,
1023 3461 1055 3504 e
1098 3447 1229 3523 quis
1276 3444 1585 3507 duodecim
1628 3445 1787 3508 milia
1838 3445 1903 3510 in
1946 3443 2309 3524 congiarium
2375 3433 2376 3464 ἶ

231 3528 480 3592 ιιιιΙιιιιιιι
504 3531 830 3610 ‘absumpta
861 3537 1016 3592 sunt.
1081 3529 1198 3592 Par
1234 3529 1373 3593 huic
1408 3531 1697 3612 pecuniae
1730 3546 1961 3598 summa
1993 3529 2311 3596 eumdum
