2417 3900
213 200 454 265 materia
482 198 737 263 maxime
761 201 963 263 sterili.
1009 200 1329 263 Consilium
1354 198 1549 279 igitur,
1586 197 1744 277 quod
1770 214 1956 258 unum
1982 195 2325 259 necessitas

116 284 198 347 18
218 289 566 361 subiecerat,
591 286 717 349 init.
756 288 938 350 Utres
961 286 1426 369 quamplurimos
1452 282 1788 345 stramentis
1808 282 2063 343 refertos
2083 281 2327 345 dividit.

173 384 182 390 “
215 374 320 437 His
347 374 696 435 incubantes
730 382 1110 436 transnavere
1147 389 1413 434 amnem:
1462 369 1681 451 quique
1719 368 1893 450 primi
1933 368 2325 445 transierant,

214 460 278 521 in
301 459 552 521 statione
572 468 756 536 erant,
783 462 920 521 dum
943 460 1279 529 traiicerent
1296 457 1495 519 ceteri.
1538 456 1667 517 Hoc
1684 454 1863 515 modo
1882 464 2046 517 sexto
2070 455 2323 517 demum

199 546 311 607 'die
333 546 396 606 in
417 544 697 607 ulteriore
717 546 846 627 ripa
872 554 1058 607 totum
1086 544 1406 606 exercitum
1432 542 1725 623 exposuit.

117 636 194 699 19
342 630 583 711 lamque
607 632 679 693 ad
711 631 1190 711 persequendum
1215 631 1466 692 Bessum
1492 635 1779 691 statuerat
1802 623 2099 707 progredi,
2126 644 2319 705 quum

218 733 303 792 ea,
353 736 502 795 quae
527 718 590 779 in
613 718 924 797 Sogdianis
959 726 1144 792 erant,
1189 716 1518 798 cognoscit.
1586 714 1955 795 Spitamenes
1996 719 2123 771 erat
2157 710 2321 772 inter

111 808 202 876 20'
219 822 426 865 omnes
455 804 672 865 amicos
697 806 1017 883 praecipuo
1043 804 1273 864 honore
1292 800 1557 863 'cultussa
1584 800 1792 861 Besso.
1840 796 1959 859 Sed
1986 794 2159 858 nullis
2184 816 2319 858 me-

216 888 342 949 ritis
365 889 611 969 perfidia
638 889 888 973 mitigari
909 897 1138 969 potest:
1171 907 1319 968 quae
1341 896 1540 948 tamen
1566 888 1759 949 minus
1782 884 1847 945 iu
1870 900 1941 944 eo
1962 882 2150 943 invisa
2178 900 2319 945 esse

217 981 470 1055 poterat,
498 975 632 1053 quia
657 975 804 1037 nihil
830 976 930 1035 ulli
965 976 1259 1037 nefastum
1284 973 1346 1034 in
1370 973 1640 1047 Bessum,
1679 970 2118 1033 interfectorem
2155 971 2319 1049 regis

215 1058 328 1132 sui,
372 1060 697 1121 videbatur.
766 1060 992 1122 Titulus
1021 1060 1297 1141 facinoris
1326 1059 1635 1139 speciosus
1674 1055 2127 1138 praeferebatur,
2182 1056 2320 1117 vin-

111 1145 374 1214 21dicta
398 1145 600 1207 Darei:
647 1147 752 1206 sed
799 1148 1114 1221 fortunam,
1157 1166 1282 1208 non
1322 1146 1513 1207 scelus
1549 1145 1759 1206 oderat
1791 1140 1985 1205 Bessi.
2042 1140 2322 1219 Namque

219 1239 284 1305 ut
307 1231 700 1293 Alexandrum
727 1234 947 1293 flumen
977 1232 1165 1293 Oxum
1195 1248 1513 1313 superasse
1542 1229 1835 1309 cognovit,
1872 1227 2318 1307 Dataphernem

220 1325 278 1377 et
303 1317 602 1391 Catenem,
639 1318 852 1399 quibus
879 1338 912 1379 a
936 1320 1124 1380 Besso
1153 1318 1406 1379 maxima
1428 1315 1575 1378 fides
1599 1316 1943 1385 habeba-tur,
1966 1312 2027 1374 in
2054 1311 2321 1374 societa-

216 1409 336 1463 tem
361 1404 647 1482 cogitatae
672 1405 761 1466 rei
787 1405 1040 1467 asciscit.
1085 1401 1173 1465 Illi
1197 1404 1531 1485 promptius
1553 1404 1791 1475 adeunt,
1819 1419 1995 1481 quam
2017 1399 2319 1479 rogaban-

216 1495 332 1564 tur,
357 1489 796 1571 assumptisque
823 1500 956 1552 octo
985 1490 1323 1552 fortissimis
1350 1490 1659 1559 iuvenibus
1687 1488 1862 1549 talem
1888 1487 2089 1547 dolum
2116 1486 2318 1547 inten-

115 1582 199 1645 22
221 1575 386 1651 dunt,
433 1576 803 1655 Spitamenes
827 1578 1018 1657 pergit
1043 1578 1118 1637 ad
1147 1578 1411 1649 Bessum,
1456 1584 1514 1637 et
1537 1574 1785 1637 remotis
1806 1572 2042 1635 arbitris
2070 1590 2317 1652 compe-

219 1660 372 1721 risse
415 1660 492 1721 ait
538 1680 631 1734 se,
679 1661 942 1726 insidiari
985 1662 1037 1723 ei
1077 1663 1512 1742 Dataphernem
1559 1670 1618 1724 et
1660 1662 1967 1732 Catenem,
2017 1667 2082 1720 ut
2121 1658 2319 1719 vivum

222 1745 553 1806 Alexandro
575 1748 874 1808 traderent
897 1748 1218 1825 agitantes,
1242 1767 1276 1807 a
1302 1760 1491 1809 semet
1510 1756 1829 1827 occupatos
1855 1762 1989 1807 esse
2013 1754 2072 1806 et
2094 1745 2317 1805 vinctos

115 1834 202 1897 23
221 1830 431 1890 teneri.
475 1830 700 1891 Bessus
726 1840 888 1893 tanto
913 1833 1143 1905 merito,
1185 1841 1252 1894 ut
1280 1832 1577 1906 credebat,
1622 1833 1911 1912 obligatus
1938 1830 2155 1911 partim
2186 1848 2319 1909 gra-

119 1920 204 1981 24
221 1913 334 1976 tias
362 1914 498 1994 agit,
537 1916 752 1997 partim
777 1918 982 1980 avidus
1011 1919 1287 1999 explendi
1310 1918 1578 1998 supplicii
1606 1918 1817 1982 adduci
1845 1936 1949 1978 eos
1981 1916 2165 1979 iubet.
2228 1917 2317 1978 lili

222 2001 499 2063 manibus
529 2018 636 2063 sua
661 2012 874 2082 sponte
899 2006 1156 2084 religatis
1185 2025 1219 2066 a
1243 2005 1629 2085 participibus
1658 2003 1885 2067 consilii
1909 2003 2316 2078 trahebantur,

224 2106 373 2169 quos
400 2088 621 2150 Bessus
646 2091 798 2151 truci
821 2091 1251 2154 vultujntuens
1280 2092 1597 2170 consurgit,
1630 2092 1901 2152 manibus
1930 2107 2059 2152 non
2092 2099 2321 2168 tempe·
2397 2156 2411 2185 ι

219 2182 478 2236 raturus.
547 2177 624 2236 At
643 2175 724 2237 illi
748 2177 1118 2238 simulatione
1142 2177 1362 2238 omissa
1389 2177 1827 2239 circumsistunt
1854 2195 1987 2238 eum
2016 2187 2076 2236 et
2100 2177 2321 2237 frustra
2401 2188 2417 2253 ξ

221 2268 655 2340 repugnantem
683 2262 940 2325 vinciunt
965 2263 1194 2343 direpto
1218 2281 1286 2324 ex
1308 2265 1495 2343 capite
1522 2263 1688 2342 regni
1706 2261 1926 2340 insigni
1948 2263 2320 2340 lacerataque

121 2351 204 2412 25
225 2355 404 2422 veste,
439 2366 612 2426 quam
639 2367 672 2408 e
700 2349 906 2428 spoliis
931 2349 1108 2410 occisi
1135 2350 1287 2428 regis
1311 2349 1603 2411 induerat.
1662 2349 1761 2410 Ille
1788 2350 1932 2410 deos
1956 2348 2049 2409 sui
2076 2347 2321 2410 sceleris

223 2433 448 2493 ultores
469 2433 684 2495 adesse
710 2438 1016 2496 confessus
1043 2433 1275 2510 adiecit,
1300 2455 1422 2496 non
1444 2437 1630 2496 Dareo
1652 2433 1890 2514 iniquos
1912 2431 2113 2504 fuisse,
2142 2453 2324 2514 quem

225 2517 312 2578 sic
337 2518 780 2594 ulciscerentur,
819 2522 926 2582 sed
951 2521 1281 2584 Alexandro
1305 2521 1613 2601 propitioS‚
1642 2521 1807 2584 cuius
1834 2520 2135 2582 victoriam
2162 2539 2325 2582 sem-

122 2615 206 2674 ·26
227 2621 338 2682 per
371 2603 540 2663 etiam
577 2605 766 2666 hostis
801 2606 1139 2669 adiuvisset.
1205 2607 1515 2669 Multitudo
1556 2625 1632 2668 an
1668 2607 2031 2669 vindicatura
2069 2607 2326 2670 Bessum

227 2688 418 2760 fuerit,
437 2687 726 2750 incertum
747 2701 856 2766 est,
875 2692 987 2752 nisi
1007 2693 1106 2767 illi,
1127 2693 1226 2774 qui
1248 2694 1570 2767 vinxerant,
1590 2693 1756 2756 iussu
1773 2693 2090 2755 Alexandri
2108 2693 2326 2754 fecisse

225 2773 392 2852 ipsos
417 2775 679 2836 ementiti
707 2775 922 2838 dubios
948 2779 1140 2840 adhuc
1170 2777 1349 2840 animi
1372 2782 1739 2842 terruissent.
1786 2781 1855 2842 In
1882 2798 2101 2862 equum
2124 2779 2327 2860 impo-

229 2860 404 2922 situm
436 2860 766 2922 Alexandro
795 2864 1061 2925 tradituri
1087 2863 1330 2926 ducunt.
1992 2855 1997 2865 ¹

125 2953 210 3016 27
355 2938 514 3007 inter
554 2947 700 3009 haec
736 2967 859 3024 rex,
913 2950 1125 3030 quibus
1163 2959 1393 3012 matura
1433 2958 1560 3012 erat
1605 2947 1831 3025 missio,
1890 2951 2089 3015 electis
2134 2969 2321 3012 nocco

228 3031 370 3106 fere,
403 3031 582 3112 equiti
605 3034 743 3094 bina
770 3037 987 3098 talenta
1006 3034 1196 3110 dedit,
1239 3037 1424 3117 pediti
1444 3046 1615 3098 terna
1638 3037 1945 3100 denarium
1973 3037 2157 3111 milia,
2194 3055 2327 3098 mo-

227 3117 522 3196 nitosque,
550 3127 617 3180 ut
637 3121 854 3182 liberos
882 3132 1251 3202 generarent,
1276 3123 1503 3185 remisit
1528 3124 1789 3185 domum.
1854 3121 2077 3189 Ceteris
2102 3123 2329 3202 gratiae

230 3213 414 3278 actae,
460 3207 617 3284 quod
659 3207 732 3268 ad
771 3207 999 3290 reliqua
1042 3205 1179 3269 belli
1228 3219 1543 3271 navaturos
1590 3227 1831 3288 operam
1865 3209 2329 3290 pollicebantur.

127 3293 209 3355 28
231 3289 403 3368 [Tum
439 3291 664 3354 Bessus
695 3293 1084 3373 perducitur-‚11
1141 3295 1496 3358 Perventum
1540 3305 1663 3358 erat
1696 3299 1759 3357 in
1800 3297 2108 3376 parvulum
2150 3296 2331 3377 oppi-

231 3377 400 3438 dum:
454 3379 820 3440 Branchidae
865 3380 989 3442 eius
1033 3381 1264 3444 incolae
1307 3392 1491 3445 erant.
1561 3381 1757 3444 Mileto
1804 3383 2105 3462 quondam
2156 3383 2335 3446 iussu

227 3463 458 3540 XerxiS,
497 3485 678 3546 quum
703 3485 736 3527 e
763 3461 1003 3529 Graecia
1027 3469 1265 3544 rediret,
1304 3469 1677 3544 transierant,
1717 3475 1774 3531 et
1808 3470 1870 3530 in
1898 3489 1966 3532 ea
1996 3469 2149 3532 sede
2183 3489 2335 3533 con·

233 3548 516 3626 stiterunt,
549 3553 684 3630 quia
713 3554 1012 3635 templum,
1053 3555 1213 3634 quod
1242 3555 1567 3637 Didymeon
1598 3555 1944 3637 appellatur,
1979 3556 2042 3620 in
2072 3559 2335 3638 gratiam

221 82 342 145 132
684 84 784 145 na
829 82 1091 146 GESTls
1134 78 1569 143 ALEXANDRI
1608 76 1852 141 MAGNI
1981 57 1989 62 ’
2395 0 2417 872 1

2391 875 2411 1534 ἱ

2389 1537 2405 1856 ἐ
