<?xml version="1.0" encoding="UTF-8"?>
<!DOCTYPE html PUBLIC "-//W3C//DTD XHTML 1.0 Transitional//EN"
    "http://www.w3.org/TR/xhtml1/DTD/xhtml1-transitional.dtd">
<html xmlns="http://www.w3.org/1999/xhtml" xml:lang="en" lang="en">
 <head>
  <title>
</title>
<meta http-equiv="Content-Type" content="text/html;charset=utf-8" />
  <meta name='ocr-system' content='tesseract 3.04.00' />
  <meta name='ocr-capabilities' content='ocr_page ocr_carea ocr_par ocr_line ocrx_word'/>
</head>
<body>
  <div class='ocr_page' id='page_1' title='image "./qcurtiirufidege00kochgoog_0114.png"; bbox 0 0 2417 3900; ppageno 0'>
   <div class='ocr_carea' id='block_1_1' title="bbox 530 67 2204 219">
    <p class='ocr_par' dir='ltr' id='par_1_1' title="bbox 530 67 2204 219">
     <span class='ocr_line' id='line_1_1' title="bbox 530 67 2204 219; baseline 0.001 -49"><span class='ocrx_word' id='word_1_1' title='bbox 530 109 698 187; x_wconf 62' lang='lat' dir='ltr'><strong>tin.</strong></span> <span class='ocrx_word' id='word_1_2' title='bbox 743 111 837 171; x_wconf 79' lang='lat' dir='ltr'><strong>vl.</strong></span> <span class='ocrx_word' id='word_1_3' title='bbox 882 110 1036 219; x_wconf 70' lang='lat' dir='ltr'><strong>(iv.)</strong></span> <span class='ocrx_word' id='word_1_4' title='bbox 1081 67 1244 176; x_wconf 61' lang='lat' dir='ltr'><strong>c&#39;AP.</strong></span> <span class='ocrx_word' id='word_1_5' title='bbox 1285 114 1406 175; x_wconf 84' lang='lat' dir='ltr'><strong>vu.</strong></span> <span class='ocrx_word' id='word_1_6' title='bbox 1453 112 1746 175; x_wconf 77' lang='lat'><strong>16—35.</strong></span> <span class='ocrx_word' id='word_1_7' title='bbox 2079 109 2204 171; x_wconf 84' lang='lat'><strong>107</strong></span> 
     </span>
    </p>
   </div>
   <div class='ocr_carea' id='block_1_2' title="bbox 10 227 2306 3659">
    <p class='ocr_par' dir='ltr' id='par_1_2' title="bbox 93 227 2306 739">
     <span class='ocr_line' id='line_1_2' title="bbox 102 227 2203 311; baseline 0.001 -22"><span class='ocrx_word' id='word_1_8' title='bbox 102 246 273 307; x_wconf 81' lang='lat' dir='ltr'><strong>rege,</strong></span> <span class='ocrx_word' id='word_1_9' title='bbox 319 227 532 305; x_wconf 81' lang='lat' dir='ltr'><strong>gladio,</strong></span> <span class='ocrx_word' id='word_1_10' title='bbox 580 246 699 307; x_wconf 86' lang='lat' dir='ltr'><strong>quo</strong></span> <span class='ocrx_word' id='word_1_11' title='bbox 729 228 882 287; x_wconf 79' lang='lat' dir='ltr'><strong>forte</strong></span> <span class='ocrx_word' id='word_1_12' title='bbox 916 238 1044 289; x_wconf 90' lang='lat' dir='ltr'><strong>erat</strong></span> <span class='ocrx_word' id='word_1_13' title='bbox 1078 228 1326 305; x_wconf 55' lang='lat' dir='ltr'><strong>cinctura,</strong></span> <span class='ocrx_word' id='word_1_14' title='bbox 1372 233 1626 311; x_wconf 85' lang='lat' dir='ltr'><strong>graviter</strong></span> <span class='ocrx_word' id='word_1_15' title='bbox 1659 252 1728 295; x_wconf 87' lang='lat' dir='ltr'><strong>se</strong></span> <span class='ocrx_word' id='word_1_16' title='bbox 1765 233 2048 305; x_wconf 84' lang='lat' dir='ltr'><strong>vulnerat,</strong></span> <span class='ocrx_word' id='word_1_17' title='bbox 2099 250 2203 293; x_wconf 85' lang='lat' dir='ltr'><strong>oo-</strong></span> 
     </span>
     <span class='ocr_line' id='line_1_3' title="bbox 103 310 2306 398; baseline 0 -23"><span class='ocrx_word' id='word_1_18' title='bbox 103 332 407 392; x_wconf 87' lang='lat' dir='ltr'><strong>cursuque</strong></span> <span class='ocrx_word' id='word_1_19' title='bbox 444 313 761 375; x_wconf 81' lang='lat' dir='ltr'><strong>satellitum</strong></span> <span class='ocrx_word' id='word_1_20' title='bbox 798 312 1083 373; x_wconf 90' lang='lat' dir='ltr'><strong>inhibitus</strong></span> <span class='ocrx_word' id='word_1_21' title='bbox 1124 318 1421 392; x_wconf 79' lang='lat' dir='ltr'><strong>perfertur</strong></span> <span class='ocrx_word' id='word_1_22' title='bbox 1455 320 1514 381; x_wconf 88' lang='lat' dir='ltr'><strong>in</strong></span> <span class='ocrx_word' id='word_1_23' title='bbox 1555 318 1802 398; x_wconf 84' lang='lat' dir='ltr'><strong>regiam.</strong></span> <span class='ocrx_word' id='word_1_24' title='bbox 1881 318 2070 391; x_wconf 88' lang='lat' dir='ltr'><strong>Quem</strong></span> <span class='ocrx_word' id='word_1_25' title='bbox 2106 317 2203 379; x_wconf 87' lang='lat' dir='ltr'><strong>in·</strong></span> <span class='ocrx_word' id='word_1_26' title='bbox 2222 310 2306 376; x_wconf 86' lang='lat'><strong>30</strong></span> 
     </span>
     <span class='ocr_line' id='line_1_4' title="bbox 96 397 2204 487; baseline 0.002 -26"><span class='ocrx_word' id='word_1_27' title='bbox 96 410 280 462; x_wconf 85' lang='lat' dir='ltr'><strong>tuens</strong></span> <span class='ocrx_word' id='word_1_28' title='bbox 304 418 429 472; x_wconf 89' lang='lat' dir='ltr'><strong>rex,</strong></span> <span class='ocrx_word' id='word_1_29' title='bbox 456 399 652 472; x_wconf 90' lang='lat' dir='ltr'><strong>Quod,</strong></span> <span class='ocrx_word' id='word_1_30' title='bbox 688 398 897 476; x_wconf 90' lang='lat' dir='ltr'><strong>inquit,</strong></span> <span class='ocrx_word' id='word_1_31' title='bbox 928 397 989 459; x_wconf 90' lang='lat' dir='ltr'><strong>in</strong></span> <span class='ocrx_word' id='word_1_32' title='bbox 1014 406 1092 471; x_wconf 91' lang='lat' dir='ltr'><strong>te,</strong></span> <span class='ocrx_word' id='word_1_33' title='bbox 1118 399 1349 477; x_wconf 90' lang='lat' dir='ltr'><strong>Dimne‚</strong></span> <span class='ocrx_word' id='word_1_34' title='bbox 1385 414 1612 466; x_wconf 86' lang='lat' dir='ltr'><strong>tantum</strong></span> <span class='ocrx_word' id='word_1_35' title='bbox 1639 401 1889 487; x_wconf 84' lang='lat' dir='ltr'><strong>cogitavi</strong></span> <span class='ocrx_word' id='word_1_36' title='bbox 1917 404 2097 476; x_wconf 81' lang='lat' dir='ltr'><strong>nefaS‚</strong></span> <span class='ocrx_word' id='word_1_37' title='bbox 2136 409 2204 465; x_wconf 87' lang='lat' dir='ltr'><strong>ut</strong></span> 
     </span>
     <span class='ocr_line' id='line_1_5' title="bbox 96 483 2204 570; baseline 0 -22"><span class='ocrx_word' id='word_1_38' title='bbox 96 485 212 549; x_wconf 88' lang='lat' dir='ltr'><strong>tibi</strong></span> <span class='ocrx_word' id='word_1_39' title='bbox 234 485 630 546; x_wconf 74' lang='lat' dir='ltr'><strong>Macedonum</strong></span> <span class='ocrx_word' id='word_1_40' title='bbox 660 502 847 562; x_wconf 87' lang='lat' dir='ltr'><strong>regno</strong></span> <span class='ocrx_word' id='word_1_41' title='bbox 874 483 1107 563; x_wconf 83' lang='lat' dir='ltr'><strong>dignior</strong></span> <span class='ocrx_word' id='word_1_42' title='bbox 1127 485 1390 549; x_wconf 76' lang='lat' dir='ltr'><strong>Philotas</strong></span> <span class='ocrx_word' id='word_1_43' title='bbox 1419 508 1514 551; x_wconf 90' lang='lat' dir='ltr'><strong>me</strong></span> <span class='ocrx_word' id='word_1_44' title='bbox 1541 507 1779 570; x_wconf 86' lang='lat' dir='ltr'><strong>quoque</strong></span> <span class='ocrx_word' id='word_1_45' title='bbox 1812 490 1946 567; x_wconf 88' lang='lat' dir='ltr'><strong>ipso</strong></span> <span class='ocrx_word' id='word_1_46' title='bbox 1974 486 2204 549; x_wconf 83' lang='lat' dir='ltr'><strong>videre-</strong></span> 
     </span>
     <span class='ocr_line' id='line_1_6' title="bbox 93 568 2204 655; baseline 0.001 -22"><span class='ocrx_word' id='word_1_47' title='bbox 93 568 247 633; x_wconf 76' lang='lat' dir='ltr'><strong>tur?</strong></span> <span class='ocrx_word' id='word_1_48' title='bbox 314 571 487 631; x_wconf 87' lang='lat' dir='ltr'><strong>Illum</strong></span> <span class='ocrx_word' id='word_1_49' title='bbox 522 571 637 631; x_wconf 92' lang='lat' dir='ltr'><strong>iam</strong></span> <span class='ocrx_word' id='word_1_50' title='bbox 666 570 963 633; x_wconf 78' lang='lat' dir='ltr'><strong>defecerat</strong></span> <span class='ocrx_word' id='word_1_51' title='bbox 991 590 1119 632; x_wconf 85' lang='lat' dir='ltr'><strong>vox.</strong></span> <span class='ocrx_word' id='word_1_52' title='bbox 1188 572 1396 652; x_wconf 88' lang='lat' dir='ltr'><strong>ltaque</strong></span> <span class='ocrx_word' id='word_1_53' title='bbox 1431 575 1587 637; x_wconf 89' lang='lat' dir='ltr'><strong>edito</strong></span> <span class='ocrx_word' id='word_1_54' title='bbox 1617 576 1836 655; x_wconf 86' lang='lat' dir='ltr'><strong>gemitu</strong></span> <span class='ocrx_word' id='word_1_55' title='bbox 1861 574 2146 651; x_wconf 85' lang='lat' dir='ltr'><strong>vultuque</strong></span> <span class='ocrx_word' id='word_1_56' title='bbox 2167 592 2204 635; x_wconf 88' lang='lat' dir='ltr'><strong>a</strong></span> 
     </span>
     <span class='ocr_line' id='line_1_7' title="bbox 93 655 1900 739; baseline 0.001 -20"><span class='ocrx_word' id='word_1_57' title='bbox 93 664 433 737; x_wconf 85' lang='lat' dir='ltr'><strong>conspectu</strong></span> <span class='ocrx_word' id='word_1_58' title='bbox 461 655 617 733; x_wconf 85' lang='lat' dir='ltr'><strong>regis</strong></span> <span class='ocrx_word' id='word_1_59' title='bbox 644 673 851 717; x_wconf 87' lang='lat' dir='ltr'><strong>averso</strong></span> <span class='ocrx_word' id='word_1_60' title='bbox 882 655 1133 719; x_wconf 89' lang='lat' dir='ltr'><strong>subinde</strong></span> <span class='ocrx_word' id='word_1_61' title='bbox 1164 658 1466 739; x_wconf 88' lang='lat' dir='ltr'><strong>collapsus</strong></span> <span class='ocrx_word' id='word_1_62' title='bbox 1493 661 1900 739; x_wconf 81' lang='lat' dir='ltr'><strong>exstinguitur.</strong></span> 
     </span>
    </p>

    <p class='ocr_par' dir='ltr' id='par_1_3' title="bbox 10 740 2306 2266">
     <span class='ocr_line' id='line_1_8' title="bbox 236 740 2305 826; baseline 0 -21"><span class='ocrx_word' id='word_1_63' title='bbox 236 744 369 805; x_wconf 89' lang='lat' dir='ltr'><strong>Rex</strong></span> <span class='ocrx_word' id='word_1_64' title='bbox 390 741 621 804; x_wconf 79' lang='lat' dir='ltr'><strong>Philota</strong></span> <span class='ocrx_word' id='word_1_65' title='bbox 646 741 843 803; x_wconf 85' lang='lat' dir='ltr'><strong>venire</strong></span> <span class='ocrx_word' id='word_1_66' title='bbox 864 742 925 803; x_wconf 93' lang='lat' dir='ltr'><strong>in</strong></span> <span class='ocrx_word' id='word_1_67' title='bbox 961 742 1191 821; x_wconf 81' lang='lat' dir='ltr'><strong>regiam</strong></span> <span class='ocrx_word' id='word_1_68' title='bbox 1213 744 1403 821; x_wconf 89' lang='lat' dir='ltr'><strong>iusso,</strong></span> <span class='ocrx_word' id='word_1_69' title='bbox 1450 746 1784 821; x_wconf 71' lang='lat' dir='ltr'><strong>CebalinuS,</strong></span> <span class='ocrx_word' id='word_1_70' title='bbox 1821 744 2030 826; x_wconf 87' lang='lat' dir='ltr'><strong>inquit,</strong></span> <span class='ocrx_word' id='word_1_71' title='bbox 2068 740 2204 805; x_wconf 82' lang='lat' dir='ltr'><strong>ulti-</strong></span> <span class='ocrx_word' id='word_1_72' title='bbox 2223 742 2305 806; x_wconf 86' lang='lat'><strong>31</strong></span> 
     </span>
     <span class='ocr_line' id='line_1_9' title="bbox 89 825 2202 913; baseline -0 -22"><span class='ocrx_word' id='word_1_73' title='bbox 89 847 273 891; x_wconf 90' lang='lat' dir='ltr'><strong>mum</strong></span> <span class='ocrx_word' id='word_1_74' title='bbox 300 825 651 907; x_wconf 85' lang='lat' dir='ltr'><strong>supplicium</strong></span> <span class='ocrx_word' id='word_1_75' title='bbox 673 828 935 903; x_wconf 79' lang='lat' dir='ltr'><strong>merituS,</strong></span> <span class='ocrx_word' id='word_1_76' title='bbox 958 830 1009 891; x_wconf 91' lang='lat' dir='ltr'><strong>si</strong></span> <span class='ocrx_word' id='word_1_77' title='bbox 1034 828 1097 889; x_wconf 90' lang='lat' dir='ltr'><strong>in</strong></span> <span class='ocrx_word' id='word_1_78' title='bbox 1122 840 1300 910; x_wconf 89' lang='lat' dir='ltr'><strong>caput</strong></span> <span class='ocrx_word' id='word_1_79' title='bbox 1321 851 1518 894; x_wconf 88' lang='lat' dir='ltr'><strong>meum</strong></span> <span class='ocrx_word' id='word_1_80' title='bbox 1539 840 1924 913; x_wconf 86' lang='lat' dir='ltr'><strong>praeparatas</strong></span> <span class='ocrx_word' id='word_1_81' title='bbox 1949 828 2202 893; x_wconf 85' lang='lat' dir='ltr'><strong>insidias</strong></span> 
     </span>
     <span class='ocr_line' id='line_1_10' title="bbox 88 914 2202 996; baseline 0 -21"><span class='ocrx_word' id='word_1_82' title='bbox 88 915 291 976; x_wconf 87' lang='lat' dir='ltr'><strong>biduo</strong></span> <span class='ocrx_word' id='word_1_83' title='bbox 326 914 481 987; x_wconf 86' lang='lat' dir='ltr'><strong>texit,</strong></span> <span class='ocrx_word' id='word_1_84' title='bbox 522 914 697 975; x_wconf 87' lang='lat' dir='ltr'><strong>huius</strong></span> <span class='ocrx_word' id='word_1_85' title='bbox 732 914 993 977; x_wconf 89' lang='lat' dir='ltr'><strong>criminis</strong></span> <span class='ocrx_word' id='word_1_86' title='bbox 1029 916 1302 979; x_wconf 75' lang='lat' dir='ltr'><strong>Philotan</strong></span> <span class='ocrx_word' id='word_1_87' title='bbox 1336 938 1504 981; x_wconf 85' lang='lat' dir='ltr'><strong>reum</strong></span> <span class='ocrx_word' id='word_1_88' title='bbox 1548 918 1868 992; x_wconf 81' lang='lat' dir='ltr'><strong>substituit,</strong></span> <span class='ocrx_word' id='word_1_89' title='bbox 1909 918 1984 979; x_wconf 91' lang='lat' dir='ltr'><strong>ad</strong></span> <span class='ocrx_word' id='word_1_90' title='bbox 2025 934 2202 996; x_wconf 88' lang='lat' dir='ltr'><strong>quem</strong></span> 
     </span>
     <span class='ocr_line' id='line_1_11' title="bbox 84 999 2304 1085; baseline 0 -23"><span class='ocrx_word' id='word_1_91' title='bbox 84 999 373 1081; x_wconf 87' lang='lat' dir='ltr'><strong>protinus</strong></span> <span class='ocrx_word' id='word_1_92' title='bbox 414 999 693 1063; x_wconf 88' lang='lat' dir='ltr'><strong>indicium</strong></span> <span class='ocrx_word' id='word_1_93' title='bbox 737 1001 1019 1063; x_wconf 89' lang='lat' dir='ltr'><strong>detulisse</strong></span> <span class='ocrx_word' id='word_1_94' title='bbox 1055 1019 1120 1063; x_wconf 91' lang='lat' dir='ltr'><strong>se</strong></span> <span class='ocrx_word' id='word_1_95' title='bbox 1164 1005 1433 1067; x_wconf 87' lang='lat' dir='ltr'><strong>affirmat.</strong></span> <span class='ocrx_word' id='word_1_96' title='bbox 1507 1006 1638 1079; x_wconf 86' lang='lat' dir='ltr'><strong>Quo</strong></span> <span class='ocrx_word' id='word_1_97' title='bbox 1683 1004 1964 1085; x_wconf 87' lang='lat' dir='ltr'><strong>propiore</strong></span> <span class='ocrx_word' id='word_1_98' title='bbox 2011 1002 2200 1081; x_wconf 85' lang='lat' dir='ltr'><strong>gradu</strong></span> <span class='ocrx_word' id='word_1_99' title='bbox 2219 1000 2304 1064; x_wconf 83' lang='lat'><strong>32</strong></span> 
     </span>
     <span class='ocr_line' id='line_1_12' title="bbox 84 1084 2201 1167; baseline -0 -20"><span class='ocrx_word' id='word_1_100' title='bbox 84 1084 389 1148; x_wconf 80' lang='lat' dir='ltr'><strong>amicitiae</strong></span> <span class='ocrx_word' id='word_1_101' title='bbox 426 1103 523 1147; x_wconf 90' lang='lat' dir='ltr'><strong>me</strong></span> <span class='ocrx_word' id='word_1_102' title='bbox 557 1084 867 1167; x_wconf 80' lang='lat' dir='ltr'><strong>contingis,</strong></span> <span class='ocrx_word' id='word_1_103' title='bbox 910 1088 1027 1148; x_wconf 89' lang='lat' dir='ltr'><strong>hoc</strong></span> <span class='ocrx_word' id='word_1_104' title='bbox 1061 1088 1252 1151; x_wconf 90' lang='lat' dir='ltr'><strong>maius</strong></span> <span class='ocrx_word' id='word_1_105' title='bbox 1297 1099 1386 1152; x_wconf 93' lang='lat' dir='ltr'><strong>est</strong></span> <span class='ocrx_word' id='word_1_106' title='bbox 1419 1090 1903 1152; x_wconf 82' lang='lat' dir='ltr'><strong>dissimulationis</strong></span> <span class='ocrx_word' id='word_1_107' title='bbox 1937 1098 2076 1150; x_wconf 89' lang='lat' dir='ltr'><strong>tuae</strong></span> <span class='ocrx_word' id='word_1_108' title='bbox 2111 1088 2201 1147; x_wconf 81' lang='lat' dir='ltr'><strong>fa·-</strong></span> 
     </span>
     <span class='ocr_line' id='line_1_13' title="bbox 91 1173 2201 1253; baseline 0 -20"><span class='ocrx_word' id='word_1_109' title='bbox 91 1174 293 1247; x_wconf 78' lang='lat' dir='ltr'><strong>cinuS,</strong></span> <span class='ocrx_word' id='word_1_110' title='bbox 325 1180 385 1235; x_wconf 87' lang='lat' dir='ltr'><strong>et</strong></span> <span class='ocrx_word' id='word_1_111' title='bbox 410 1190 520 1251; x_wconf 85' lang='lat' dir='ltr'><strong>ego</strong></span> <span class='ocrx_word' id='word_1_112' title='bbox 545 1173 825 1235; x_wconf 76' lang='lat' dir='ltr'><strong>Cebalino</strong></span> <span class='ocrx_word' id='word_1_113' title='bbox 853 1173 1041 1251; x_wconf 83' lang='lat' dir='ltr'><strong>magis</strong></span> <span class='ocrx_word' id='word_1_114' title='bbox 1067 1192 1245 1253; x_wconf 88' lang='lat' dir='ltr'><strong>quam</strong></span> <span class='ocrx_word' id='word_1_115' title='bbox 1266 1176 1532 1238; x_wconf 73' lang='lat' dir='ltr'><strong>Philotae</strong></span> <span class='ocrx_word' id='word_1_116' title='bbox 1559 1175 1620 1236; x_wconf 89' lang='lat' dir='ltr'><strong>id</strong></span> <span class='ocrx_word' id='word_1_117' title='bbox 1645 1176 1962 1237; x_wconf 88' lang='lat' dir='ltr'><strong>convenire</strong></span> <span class='ocrx_word' id='word_1_118' title='bbox 1989 1174 2201 1233; x_wconf 82' lang='lat' dir='ltr'><strong>fateor.</strong></span> 
     </span>
     <span class='ocr_line' id='line_1_14' title="bbox 89 1258 2203 1339; baseline -0.002 -19"><span class='ocrx_word' id='word_1_119' title='bbox 89 1260 423 1321; x_wconf 84' lang='lat' dir='ltr'><strong>Faventem</strong></span> <span class='ocrx_word' id='word_1_120' title='bbox 450 1258 637 1319; x_wconf 84' lang='lat' dir='ltr'><strong>habes</strong></span> <span class='ocrx_word' id='word_1_121' title='bbox 662 1258 940 1331; x_wconf 86' lang='lat' dir='ltr'><strong>iudicem,</strong></span> <span class='ocrx_word' id='word_1_122' title='bbox 974 1260 1045 1330; x_wconf 90' lang='lat' dir='ltr'><strong>si,</strong></span> <span class='ocrx_word' id='word_1_123' title='bbox 1077 1260 1238 1337; x_wconf 90' lang='lat' dir='ltr'><strong>quod</strong></span> <span class='ocrx_word' id='word_1_124' title='bbox 1265 1261 1494 1322; x_wconf 84' lang='lat' dir='ltr'><strong>admitti</strong></span> <span class='ocrx_word' id='word_1_125' title='bbox 1518 1280 1637 1321; x_wconf 92' lang='lat' dir='ltr'><strong>non</strong></span> <span class='ocrx_word' id='word_1_126' title='bbox 1667 1259 1948 1339; x_wconf 87' lang='lat' dir='ltr'><strong>oportuit,</strong></span> <span class='ocrx_word' id='word_1_127' title='bbox 1993 1258 2203 1317; x_wconf 90' lang='lat' dir='ltr'><strong>saltem</strong></span> 
     </span>
     <span class='ocr_line' id='line_1_15' title="bbox 10 1341 2305 1423; baseline -0.001 -17"><span class='ocrx_word' id='word_1_128' title='bbox 10 1417 12 1420; x_wconf 9' lang='lat' dir='ltr'>y</span> <span class='ocrx_word' id='word_1_129' title='bbox 88 1344 307 1423; x_wconf 84' lang='lat' dir='ltr'><strong>negari</strong></span> <span class='ocrx_word' id='word_1_130' title='bbox 334 1352 553 1423; x_wconf 89' lang='lat' dir='ltr'><strong>potest.</strong></span> <span class='ocrx_word' id='word_1_131' title='bbox 619 1343 710 1404; x_wconf 84' lang='lat' dir='ltr'><strong>Ad</strong></span> <span class='ocrx_word' id='word_1_132' title='bbox 739 1344 891 1403; x_wconf 87' lang='lat' dir='ltr'><strong>haec</strong></span> <span class='ocrx_word' id='word_1_133' title='bbox 913 1343 1175 1403; x_wconf 76' lang='lat' dir='ltr'><strong>Philotas</strong></span> <span class='ocrx_word' id='word_1_134' title='bbox 1200 1345 1361 1405; x_wconf 89' lang='lat' dir='ltr'><strong>haud</strong></span> <span class='ocrx_word' id='word_1_135' title='bbox 1387 1364 1531 1406; x_wconf 89' lang='lat' dir='ltr'><strong>sane</strong></span> <span class='ocrx_word' id='word_1_136' title='bbox 1558 1345 1851 1423; x_wconf 81' lang='lat' dir='ltr'><strong>trepiduS,</strong></span> <span class='ocrx_word' id='word_1_137' title='bbox 1893 1344 1944 1403; x_wconf 92' lang='lat' dir='ltr'><strong>si</strong></span> <span class='ocrx_word' id='word_1_138' title='bbox 1970 1341 2200 1403; x_wconf 88' lang='lat' dir='ltr'><strong>animus</strong></span> <span class='ocrx_word' id='word_1_139' title='bbox 2220 1341 2305 1403; x_wconf 83' lang='lat'><strong>33</strong></span> 
     </span>
     <span class='ocr_line' id='line_1_16' title="bbox 86 1428 2203 1507; baseline -0.002 -14"><span class='ocrx_word' id='word_1_140' title='bbox 86 1431 267 1493; x_wconf 80' lang='lat' dir='ltr'><strong>vultu</strong></span> <span class='ocrx_word' id='word_1_141' title='bbox 306 1429 737 1501; x_wconf 85' lang='lat' dir='ltr'><strong>aestimaretur,</strong></span> <span class='ocrx_word' id='word_1_142' title='bbox 785 1428 1133 1490; x_wconf 81' lang='lat' dir='ltr'><strong>Cebalinum</strong></span> <span class='ocrx_word' id='word_1_143' title='bbox 1169 1428 1404 1507; x_wconf 88' lang='lat' dir='ltr'><strong>quidem</strong></span> <span class='ocrx_word' id='word_1_144' title='bbox 1451 1429 1632 1490; x_wconf 87' lang='lat' dir='ltr'><strong>scorti</strong></span> <span class='ocrx_word' id='word_1_145' title='bbox 1667 1446 2004 1489; x_wconf 86' lang='lat' dir='ltr'><strong>sermonem</strong></span> <span class='ocrx_word' id='word_1_146' title='bbox 2031 1428 2109 1488; x_wconf 86' lang='lat' dir='ltr'><strong>ad</strong></span> <span class='ocrx_word' id='word_1_147' title='bbox 2134 1446 2203 1489; x_wconf 87' lang='lat' dir='ltr'><strong>se</strong></span> 
     </span>
     <span class='ocr_line' id='line_1_17' title="bbox 90 1511 2202 1593; baseline -0.003 -14"><span class='ocrx_word' id='word_1_148' title='bbox 90 1515 411 1586; x_wconf 87' lang='lat' dir='ltr'><strong>detulisse,</strong></span> <span class='ocrx_word' id='word_1_149' title='bbox 445 1514 554 1573; x_wconf 90' lang='lat' dir='ltr'><strong>sed</strong></span> <span class='ocrx_word' id='word_1_150' title='bbox 584 1513 779 1593; x_wconf 88' lang='lat' dir='ltr'><strong>ipsum</strong></span> <span class='ocrx_word' id='word_1_151' title='bbox 817 1522 937 1573; x_wconf 89' lang='lat' dir='ltr'><strong>tam</strong></span> <span class='ocrx_word' id='word_1_152' title='bbox 958 1511 1073 1575; x_wconf 89' lang='lat' dir='ltr'><strong>levi</strong></span> <span class='ocrx_word' id='word_1_153' title='bbox 1095 1513 1320 1574; x_wconf 88' lang='lat' dir='ltr'><strong>auctori</strong></span> <span class='ocrx_word' id='word_1_154' title='bbox 1347 1514 1494 1576; x_wconf 90' lang='lat' dir='ltr'><strong>nihil</strong></span> <span class='ocrx_word' id='word_1_155' title='bbox 1519 1514 1840 1575; x_wconf 82' lang='lat' dir='ltr'><strong>credidisse</strong></span> <span class='ocrx_word' id='word_1_156' title='bbox 1871 1512 2202 1592; x_wconf 85' lang='lat' dir='ltr'><strong>respondit,</strong></span> 
     </span>
     <span class='ocr_line' id='line_1_18' title="bbox 82 1597 2204 1677; baseline -0.003 -13"><span class='ocrx_word' id='word_1_157' title='bbox 82 1602 375 1673; x_wconf 87' lang='lat' dir='ltr'><strong>veritum,</strong></span> <span class='ocrx_word' id='word_1_158' title='bbox 417 1618 496 1660; x_wconf 90' lang='lat' dir='ltr'><strong>ne</strong></span> <span class='ocrx_word' id='word_1_159' title='bbox 520 1598 776 1677; x_wconf 85' lang='lat' dir='ltr'><strong>iurgium</strong></span> <span class='ocrx_word' id='word_1_160' title='bbox 804 1598 959 1660; x_wconf 87' lang='lat' dir='ltr'><strong>inter</strong></span> <span class='ocrx_word' id='word_1_161' title='bbox 986 1607 1314 1661; x_wconf 88' lang='lat' dir='ltr'><strong>amatorem</strong></span> <span class='ocrx_word' id='word_1_162' title='bbox 1351 1611 1410 1663; x_wconf 89' lang='lat' dir='ltr'><strong>et</strong></span> <span class='ocrx_word' id='word_1_163' title='bbox 1437 1600 1730 1662; x_wconf 87' lang='lat' dir='ltr'><strong>exoletum</strong></span> <span class='ocrx_word' id='word_1_164' title='bbox 1760 1618 1884 1662; x_wconf 89' lang='lat' dir='ltr'><strong>non</strong></span> <span class='ocrx_word' id='word_1_165' title='bbox 1921 1598 2052 1659; x_wconf 89' lang='lat' dir='ltr'><strong>sine</strong></span> <span class='ocrx_word' id='word_1_166' title='bbox 2078 1597 2204 1658; x_wconf 88' lang='lat' dir='ltr'><strong>risu</strong></span> 
     </span>
     <span class='ocr_line' id='line_1_19' title="bbox 18 1680 2306 1767; baseline -0.003 -16"><span class='ocrx_word' id='word_1_167' title='bbox 18 1716 27 1731; x_wconf 91' lang='lat'>·</span> <span class='ocrx_word' id='word_1_168' title='bbox 87 1688 355 1751; x_wconf 87' lang='lat' dir='ltr'><strong>aliorum</strong></span> <span class='ocrx_word' id='word_1_169' title='bbox 380 1684 717 1746; x_wconf 88' lang='lat' dir='ltr'><strong>detulisset:</strong></span> <span class='ocrx_word' id='word_1_170' title='bbox 758 1680 1209 1763; x_wconf 82' lang='lat' dir='ltr'><strong>quum&#39;Dimnus</strong></span> <span class='ocrx_word' id='word_1_171' title='bbox 1235 1686 1602 1749; x_wconf 89' lang='lat' dir='ltr'><strong>interemerit</strong></span> <span class='ocrx_word' id='word_1_172' title='bbox 1624 1695 1830 1761; x_wconf 89' lang='lat' dir='ltr'><strong>semet,</strong></span> <span class='ocrx_word' id='word_1_173' title='bbox 1861 1685 2204 1767; x_wconf 84' lang='lat' dir='ltr'><strong>qualiacun-</strong></span> <span class='ocrx_word' id='word_1_174' title='bbox 2221 1690 2306 1753; x_wconf 77' lang='grc'><strong>34</strong></span> 
     </span>
     <span class='ocr_line' id='line_1_20' title="bbox 90 1769 2203 1854; baseline -0.002 -19"><span class='ocrx_word' id='word_1_175' title='bbox 90 1792 219 1854; x_wconf 82' lang='lat' dir='ltr'><strong>que</strong></span> <span class='ocrx_word' id='word_1_176' title='bbox 260 1779 451 1845; x_wconf 88' lang='lat' dir='ltr'><strong>erant,</strong></span> <span class='ocrx_word' id='word_1_177' title='bbox 492 1789 615 1831; x_wconf 90' lang='lat' dir='ltr'><strong>non</strong></span> <span class='ocrx_word' id='word_1_178' title='bbox 659 1769 843 1831; x_wconf 81' lang='lat' dir='ltr'><strong>fuisse</strong></span> <span class='ocrx_word' id='word_1_179' title='bbox 885 1770 1206 1834; x_wconf 87' lang='lat' dir='ltr'><strong>reticenda.</strong></span> <span class='ocrx_word' id='word_1_180' title='bbox 1272 1773 1746 1854; x_wconf 86' lang='lat' dir='ltr'><strong>Complexusque</strong></span> <span class='ocrx_word' id='word_1_181' title='bbox 1783 1790 1986 1851; x_wconf 86' lang='lat' dir='ltr'><strong>regem</strong></span> <span class='ocrx_word' id='word_1_182' title='bbox 2029 1788 2203 1832; x_wconf 89' lang='lat' dir='ltr'><strong>orare</strong></span> 
     </span>
     <span class='ocr_line' id='line_1_21' title="bbox 90 1856 2198 1940; baseline -0.002 -19"><span class='ocrx_word' id='word_1_183' title='bbox 90 1858 319 1939; x_wconf 86' lang='lat' dir='ltr'><strong>coepit,</strong></span> <span class='ocrx_word' id='word_1_184' title='bbox 348 1864 413 1919; x_wconf 89' lang='lat' dir='ltr'><strong>ut</strong></span> <span class='ocrx_word' id='word_1_185' title='bbox 434 1857 813 1935; x_wconf 87' lang='lat' dir='ltr'><strong>praeteritam</strong></span> <span class='ocrx_word' id='word_1_186' title='bbox 841 1856 1016 1919; x_wconf 86' lang='lat' dir='ltr'><strong>vitam</strong></span> <span class='ocrx_word' id='word_1_187' title='bbox 1036 1858 1238 1938; x_wconf 88' lang='lat' dir='ltr'><strong>potius</strong></span> <span class='ocrx_word' id='word_1_188' title='bbox 1261 1878 1434 1939; x_wconf 88' lang='lat' dir='ltr'><strong>quam</strong></span> <span class='ocrx_word' id='word_1_189' title='bbox 1460 1861 1711 1940; x_wconf 87' lang='lat' dir='ltr'><strong>culpam,</strong></span> <span class='ocrx_word' id='word_1_190' title='bbox 1739 1858 1955 1921; x_wconf 87' lang='lat' dir='ltr'><strong>silentii</strong></span> <span class='ocrx_word' id='word_1_191' title='bbox 1980 1866 2198 1931; x_wconf 88' lang='lat' dir='ltr'><strong>tamen,</strong></span> 
     </span>
     <span class='ocr_line' id='line_1_22' title="bbox 88 1942 2305 2021; baseline 0 -13"><span class='ocrx_word' id='word_1_192' title='bbox 88 1965 225 2008; x_wconf 85' lang='lat' dir='ltr'><strong>non</strong></span> <span class='ocrx_word' id='word_1_193' title='bbox 260 1943 399 2007; x_wconf 79' lang='lat' dir='ltr'><strong>facti</strong></span> <span class='ocrx_word' id='word_1_194' title='bbox 428 1943 623 2018; x_wconf 89' lang='lat' dir='ltr'><strong>ullius,</strong></span> <span class='ocrx_word' id='word_1_195' title='bbox 666 1942 1012 2007; x_wconf 83' lang='lat' dir='ltr'><strong>intueretur.</strong></span> <span class='ocrx_word' id='word_1_196' title='bbox 1073 1944 1246 2008; x_wconf 87' lang='lat' dir='ltr'><strong>Haud</strong></span> <span class='ocrx_word' id='word_1_197' title='bbox 1276 1946 1444 2008; x_wconf 81' lang='lat' dir='ltr'><strong>facile</strong></span> <span class='ocrx_word' id='word_1_198' title='bbox 1487 1946 1752 2021; x_wconf 84' lang='lat' dir='ltr'><strong>dixerim,</strong></span> <span class='ocrx_word' id='word_1_199' title='bbox 1800 1944 2202 2008; x_wconf 84' lang='lat' dir='ltr'><strong>credideritne</strong></span> <span class='ocrx_word' id='word_1_200' title='bbox 2221 1951 2305 2012; x_wconf 83' lang='lat'><strong>35</strong></span> 
     </span>
     <span class='ocr_line' id='line_1_23' title="bbox 90 2030 2201 2112; baseline -0.002 -19"><span class='ocrx_word' id='word_1_201' title='bbox 90 2033 147 2093; x_wconf 86' lang='lat' dir='ltr'><strong>ei</strong></span> <span class='ocrx_word' id='word_1_202' title='bbox 178 2049 285 2093; x_wconf 86' lang='lat' dir='ltr'><strong>rex</strong></span> <span class='ocrx_word' id='word_1_203' title='bbox 310 2049 387 2092; x_wconf 89' lang='lat' dir='ltr'><strong>an</strong></span> <span class='ocrx_word' id='word_1_204' title='bbox 416 2030 587 2091; x_wconf 86' lang='lat' dir='ltr'><strong>altius</strong></span> <span class='ocrx_word' id='word_1_205' title='bbox 608 2030 754 2090; x_wconf 90' lang='lat' dir='ltr'><strong>iram</strong></span> <span class='ocrx_word' id='word_1_206' title='bbox 774 2033 1201 2112; x_wconf 86' lang='lat' dir='ltr'><strong>suppresserit:</strong></span> <span class='ocrx_word' id='word_1_207' title='bbox 1233 2033 1521 2106; x_wconf 85' lang='lat' dir='ltr'><strong>dextram,</strong></span> <span class='ocrx_word' id='word_1_208' title='bbox 1547 2032 1959 2094; x_wconf 87' lang='lat' dir='ltr'><strong>reconciliatae</strong></span> <span class='ocrx_word' id='word_1_209' title='bbox 1981 2030 2201 2108; x_wconf 83' lang='lat' dir='ltr'><strong>gratiae</strong></span> 
     </span>
     <span class='ocr_line' id='line_1_24' title="bbox 88 2115 2200 2199; baseline -0.001 -21"><span class='ocrx_word' id='word_1_210' title='bbox 88 2119 339 2199; x_wconf 84' lang='lat' dir='ltr'><strong>pignus,</strong></span> <span class='ocrx_word' id='word_1_211' title='bbox 389 2115 604 2177; x_wconf 87' lang='lat' dir='ltr'><strong>obtulit</strong></span> <span class='ocrx_word' id='word_1_212' title='bbox 648 2128 707 2177; x_wconf 86' lang='lat' dir='ltr'><strong>et</strong></span> <span class='ocrx_word' id='word_1_213' title='bbox 742 2126 1147 2197; x_wconf 84' lang='lat' dir='ltr'><strong>contemptum</strong></span> <span class='ocrx_word' id='word_1_214' title='bbox 1187 2119 1376 2196; x_wconf 83' lang='lat' dir='ltr'><strong>magis</strong></span> <span class='ocrx_word' id='word_1_215' title='bbox 1409 2137 1586 2197; x_wconf 90' lang='lat' dir='ltr'><strong>quam</strong></span> <span class='ocrx_word' id='word_1_216' title='bbox 1633 2117 1882 2179; x_wconf 90' lang='lat' dir='ltr'><strong>celatum</strong></span> <span class='ocrx_word' id='word_1_217' title='bbox 1915 2115 2200 2176; x_wconf 89' lang='lat' dir='ltr'><strong>indicium</strong></span> 
     </span>
     <span class='ocr_line' id='line_1_25' title="bbox 90 2201 821 2266; baseline -0.005 0"><span class='ocrx_word' id='word_1_218' title='bbox 90 2221 237 2266; x_wconf 87' lang='lat' dir='ltr'><strong>esse</strong></span> <span class='ocrx_word' id='word_1_219' title='bbox 276 2201 465 2263; x_wconf 80' lang='lat' dir='ltr'><strong>videri</strong></span> <span class='ocrx_word' id='word_1_220' title='bbox 508 2201 622 2262; x_wconf 90' lang='lat' dir='ltr'><strong>sibi</strong></span> <span class='ocrx_word' id='word_1_221' title='bbox 659 2201 821 2262; x_wconf 81' lang='lat' dir='ltr'><strong>dixit.</strong></span> 
     </span>
    </p>

    <p class='ocr_par' dir='ltr' id='par_1_4' title="bbox 88 2282 2260 3659">
     <span class='ocr_line' id='line_1_26' title="bbox 231 2282 2253 2367; baseline -0.002 -17"><span class='ocrx_word' id='word_1_222' title='bbox 231 2288 394 2367; x_wconf 86' lang='lat' dir='ltr'><strong>Cap.</strong></span> <span class='ocrx_word' id='word_1_223' title='bbox 430 2286 582 2347; x_wconf 85' lang='lat' dir='ltr'><strong>vlll.</strong></span> <span class='ocrx_word' id='word_1_224' title='bbox 655 2287 953 2347; x_wconf 84' lang='lat' dir='ltr'><strong>Advocato</strong></span> <span class='ocrx_word' id='word_1_225' title='bbox 999 2293 1198 2346; x_wconf 85' lang='lat' dir='ltr'><strong>tamen</strong></span> <span class='ocrx_word' id='word_1_226' title='bbox 1244 2285 1490 2346; x_wconf 90' lang='lat' dir='ltr'><strong>consilio</strong></span> <span class='ocrx_word' id='word_1_227' title='bbox 1539 2285 1893 2356; x_wconf 86' lang='lat' dir='ltr'><strong>amicorum,</strong></span> <span class='ocrx_word' id='word_1_228' title='bbox 1940 2282 2033 2343; x_wconf 90' lang='lat' dir='ltr'><strong>cui</strong></span> <span class='ocrx_word' id='word_1_229' title='bbox 2075 2287 2253 2346; x_wconf 88' lang='lat' dir='ltr'><strong>tuml</strong></span> 
     </span>
     <span class='ocr_line' id='line_1_27' title="bbox 89 2365 2202 2443; baseline -0.004 -6"><span class='ocrx_word' id='word_1_230' title='bbox 89 2373 367 2437; x_wconf 72' lang='lat' dir='ltr'><strong>Philetas</strong></span> <span class='ocrx_word' id='word_1_231' title='bbox 411 2371 711 2433; x_wconf 84' lang='lat' dir='ltr'><strong>adhibitus</strong></span> <span class='ocrx_word' id='word_1_232' title='bbox 754 2389 877 2432; x_wconf 88' lang='lat' dir='ltr'><strong>non</strong></span> <span class='ocrx_word' id='word_1_233' title='bbox 926 2381 1033 2443; x_wconf 89' lang='lat' dir='ltr'><strong>est,</strong></span> <span class='ocrx_word' id='word_1_234' title='bbox 1078 2369 1499 2431; x_wconf 69' lang='lat' dir='ltr'><strong>Nicomachum</strong></span> <span class='ocrx_word' id='word_1_235' title='bbox 1541 2369 1840 2430; x_wconf 86' lang='lat' dir='ltr'><strong>introduci</strong></span> <span class='ocrx_word' id='word_1_236' title='bbox 1881 2367 2066 2428; x_wconf 89' lang='lat' dir='ltr'><strong>iubet.</strong></span> <span class='ocrx_word' id='word_1_237' title='bbox 2143 2365 2202 2428; x_wconf 87' lang='lat' dir='ltr'><strong>Is</strong></span> 
     </span>
     <span class='ocr_line' id='line_1_28' title="bbox 91 2452 2260 2538; baseline -0.002 -16"><span class='ocrx_word' id='word_1_238' title='bbox 91 2460 337 2534; x_wconf 86' lang='lat' dir='ltr'><strong>eadem,</strong></span> <span class='ocrx_word' id='word_1_239' title='bbox 380 2477 531 2538; x_wconf 87' lang='lat' dir='ltr'><strong>quae</strong></span> <span class='ocrx_word' id='word_1_240' title='bbox 557 2457 849 2519; x_wconf 87' lang='lat' dir='ltr'><strong>detulerat</strong></span> <span class='ocrx_word' id='word_1_241' title='bbox 884 2456 958 2516; x_wconf 82' lang='lat' dir='ltr'><strong>ad</strong></span> <span class='ocrx_word' id='word_1_242' title='bbox 992 2473 1214 2534; x_wconf 86' lang='lat' dir='ltr'><strong>regem,</strong></span> <span class='ocrx_word' id='word_1_243' title='bbox 1264 2455 1474 2518; x_wconf 88' lang='lat' dir='ltr'><strong>ordine</strong></span> <span class='ocrx_word' id='word_1_244' title='bbox 1511 2453 1808 2534; x_wconf 84' lang='lat' dir='ltr'><strong>exposuit.</strong></span> <span class='ocrx_word' id='word_1_245' title='bbox 1879 2454 2019 2515; x_wconf 88' lang='lat' dir='ltr'><strong>Erat</strong></span> <span class='ocrx_word' id='word_1_246' title='bbox 2056 2452 2201 2515; x_wconf 82' lang='lat' dir='ltr'><strong>Cra·</strong></span> <span class='ocrx_word' id='word_1_247' title='bbox 2220 2455 2260 2518; x_wconf 79' lang='lat'>2</span> 
     </span>
     <span class='ocr_line' id='line_1_29' title="bbox 88 2525 2200 2623; baseline -0.003 -16"><span class='ocrx_word' id='word_1_248' title='bbox 88 2549 271 2608; x_wconf 60' lang='lat' dir='ltr'><strong>torus</strong></span> <span class='ocrx_word' id='word_1_249' title='bbox 292 2545 419 2623; x_wconf 82' lang='lat' dir='ltr'><strong>regi</strong></span> <span class='ocrx_word' id='word_1_250' title='bbox 444 2561 618 2605; x_wconf 88' lang='lat' dir='ltr'><strong>carus</strong></span> <span class='ocrx_word' id='word_1_251' title='bbox 636 2543 703 2604; x_wconf 87' lang='lat' dir='ltr'><strong>in</strong></span> <span class='ocrx_word' id='word_1_252' title='bbox 720 2543 944 2623; x_wconf 78' lang='lat' dir='ltr'><strong>pauciS,</strong></span> <span class='ocrx_word' id='word_1_253' title='bbox 970 2549 1028 2603; x_wconf 91' lang='lat' dir='ltr'><strong>et</strong></span> <span class='ocrx_word' id='word_1_254' title='bbox 1046 2561 1117 2602; x_wconf 90' lang='lat' dir='ltr'><strong>eo</strong></span> <span class='ocrx_word' id='word_1_255' title='bbox 1136 2541 1406 2603; x_wconf 77' lang='lat' dir='ltr'><strong>Philotae</strong></span> <span class='ocrx_word' id='word_1_256' title='bbox 1429 2541 1507 2603; x_wconf 88' lang='lat' dir='ltr'><strong>ob</strong></span> <span class='ocrx_word' id='word_1_257' title='bbox 1527 2525 1982 2603; x_wconf 53' lang='lat' dir='ltr'><strong>aemulationem</strong></span> <span class='ocrx_word' id='word_1_258' title='bbox 2007 2538 2200 2618; x_wconf 84' lang='lat' dir='ltr'><strong>digni-</strong></span> 
     </span>
     <span class='ocr_line' id='line_1_30' title="bbox 90 2625 2258 2708; baseline -0 -15"><span class='ocrx_word' id='word_1_259' title='bbox 90 2631 243 2693; x_wconf 86' lang='lat' dir='ltr'><strong>tatis</strong></span> <span class='ocrx_word' id='word_1_260' title='bbox 269 2630 587 2705; x_wconf 86' lang='lat' dir='ltr'><strong>adversus;</strong></span> <span class='ocrx_word' id='word_1_261' title='bbox 624 2629 818 2708; x_wconf 81' lang='lat' dir='ltr'><strong>neque</strong></span> <span class='ocrx_word' id='word_1_262' title='bbox 843 2628 1170 2708; x_wconf 87' lang='lat' dir='ltr'><strong>ignorabat,</strong></span> <span class='ocrx_word' id='word_1_263' title='bbox 1206 2645 1388 2708; x_wconf 88' lang='lat' dir='ltr'><strong>saepe</strong></span> <span class='ocrx_word' id='word_1_264' title='bbox 1411 2627 1728 2690; x_wconf 87' lang='lat' dir='ltr'><strong>Alexandri</strong></span> <span class='ocrx_word' id='word_1_265' title='bbox 1749 2627 1992 2690; x_wconf 85' lang='lat' dir='ltr'><strong>auribus</strong></span> <span class='ocrx_word' id='word_1_266' title='bbox 2019 2625 2198 2688; x_wconf 87' lang='lat' dir='ltr'><strong>nimia</strong></span> <span class='ocrx_word' id='word_1_267' title='bbox 2217 2629 2258 2692; x_wconf 81' lang='lat'><strong>3</strong></span> 
     </span>
     <span class='ocr_line' id='line_1_31' title="bbox 92 2714 2198 2794; baseline -0.002 -14"><span class='ocrx_word' id='word_1_268' title='bbox 92 2717 419 2780; x_wconf 85' lang='lat' dir='ltr'><strong>iactatione</strong></span> <span class='ocrx_word' id='word_1_269' title='bbox 442 2715 672 2779; x_wconf 77' lang='lat' dir='ltr'><strong>virtutis</strong></span> <span class='ocrx_word' id='word_1_270' title='bbox 698 2724 875 2794; x_wconf 87' lang='lat' dir='ltr'><strong>atque</strong></span> <span class='ocrx_word' id='word_1_271' title='bbox 902 2731 1123 2792; x_wconf 88' lang='lat' dir='ltr'><strong>operae</strong></span> <span class='ocrx_word' id='word_1_272' title='bbox 1146 2733 1381 2792; x_wconf 85' lang='lat' dir='ltr'><strong>gravem</strong></span> <span class='ocrx_word' id='word_1_273' title='bbox 1407 2714 1608 2790; x_wconf 88' lang='lat' dir='ltr'><strong>fuisse,</strong></span> <span class='ocrx_word' id='word_1_274' title='bbox 1640 2724 1698 2777; x_wconf 92' lang='lat' dir='ltr'><strong>et</strong></span> <span class='ocrx_word' id='word_1_275' title='bbox 1721 2715 1806 2786; x_wconf 51' lang='lat' dir='ltr'><strong>ob,</strong></span> <span class='ocrx_word' id='word_1_276' title='bbox 1827 2732 1894 2775; x_wconf 89' lang='lat' dir='ltr'><strong>ea</strong></span> <span class='ocrx_word' id='word_1_277' title='bbox 1921 2733 2043 2775; x_wconf 92' lang='lat' dir='ltr'><strong>non</strong></span> <span class='ocrx_word' id='word_1_278' title='bbox 2065 2714 2198 2792; x_wconf 87' lang='lat' dir='ltr'><strong>qui·</strong></span> 
     </span>
     <span class='ocr_line' id='line_1_32' title="bbox 98 2800 2257 2881; baseline -0.003 -14"><span class='ocrx_word' id='word_1_279' title='bbox 98 2805 245 2867; x_wconf 86' lang='lat' dir='ltr'><strong>dem</strong></span> <span class='ocrx_word' id='word_1_280' title='bbox 290 2803 560 2877; x_wconf 80' lang='lat' dir='ltr'><strong>sceleriS,</strong></span> <span class='ocrx_word' id='word_1_281' title='bbox 602 2803 713 2864; x_wconf 86' lang='lat' dir='ltr'><strong>sed</strong></span> <span class='ocrx_word' id='word_1_282' title='bbox 756 2800 1161 2863; x_wconf 88' lang='lat' dir='ltr'><strong>contumaciae</strong></span> <span class='ocrx_word' id='word_1_283' title='bbox 1204 2808 1403 2862; x_wconf 89' lang='lat' dir='ltr'><strong>tamen</strong></span> <span class='ocrx_word' id='word_1_284' title='bbox 1447 2821 1583 2863; x_wconf 89' lang='lat' dir='ltr'><strong>esse</strong></span> <span class='ocrx_word' id='word_1_285' title='bbox 1627 2810 1993 2881; x_wconf 86' lang='lat' dir='ltr'><strong>suspectum.</strong></span> <span class='ocrx_word' id='word_1_286' title='bbox 2061 2800 2257 2862; x_wconf 81' lang='lat' dir='ltr'><strong>Non4</strong></span> 
     </span>
     <span class='ocr_line' id='line_1_33' title="bbox 98 2886 2196 2969; baseline -0.001 -19"><span class='ocrx_word' id='word_1_287' title='bbox 98 2890 281 2952; x_wconf 88' lang='lat' dir='ltr'><strong>aliam</strong></span> <span class='ocrx_word' id='word_1_288' title='bbox 322 2889 633 2969; x_wconf 87' lang='lat' dir='ltr'><strong>premendi</strong></span> <span class='ocrx_word' id='word_1_289' title='bbox 674 2887 897 2949; x_wconf 88' lang='lat' dir='ltr'><strong>inimici</strong></span> <span class='ocrx_word' id='word_1_290' title='bbox 938 2886 1314 2949; x_wconf 87' lang='lat' dir='ltr'><strong>occasionem</strong></span> <span class='ocrx_word' id='word_1_291' title='bbox 1367 2889 1656 2967; x_wconf 87' lang='lat' dir='ltr'><strong>aptiorem</strong></span> <span class='ocrx_word' id='word_1_292' title='bbox 1706 2889 1961 2949; x_wconf 84' lang='lat' dir='ltr'><strong>futuram</strong></span> <span class='ocrx_word' id='word_1_293' title='bbox 2013 2898 2196 2960; x_wconf 74' lang='lat' dir='ltr'><strong>ratuS,</strong></span> 
     </span>
     <span class='ocr_line' id='line_1_34' title="bbox 100 2972 2196 3055; baseline -0.002 -17"><span class='ocrx_word' id='word_1_294' title='bbox 100 2975 247 3038; x_wconf 90' lang='lat' dir='ltr'><strong>odio</strong></span> <span class='ocrx_word' id='word_1_295' title='bbox 274 2993 385 3036; x_wconf 87' lang='lat' dir='ltr'><strong>suo</strong></span> <span class='ocrx_word' id='word_1_296' title='bbox 419 2975 651 3054; x_wconf 76' lang='lat' dir='ltr'><strong>pietatis</strong></span> <span class='ocrx_word' id='word_1_297' title='bbox 685 2975 1029 3054; x_wconf 78' lang='lat' dir='ltr'><strong>praeferens</strong></span> <span class='ocrx_word' id='word_1_298' title='bbox 1056 2973 1334 3053; x_wconf 90' lang='lat' dir='ltr'><strong>speciem,</strong></span> <span class='ocrx_word' id='word_1_299' title='bbox 1377 2973 1633 3048; x_wconf 87' lang='lat' dir='ltr'><strong>Utinam,</strong></span> <span class='ocrx_word' id='word_1_300' title='bbox 1674 2972 1884 3054; x_wconf 87' lang='lat' dir='ltr'><strong>inquit,</strong></span> <span class='ocrx_word' id='word_1_301' title='bbox 1931 2974 1994 3036; x_wconf 88' lang='lat' dir='ltr'><strong>in</strong></span> <span class='ocrx_word' id='word_1_302' title='bbox 2028 2974 2196 3055; x_wconf 87' lang='lat' dir='ltr'><strong>prin-</strong></span> 
     </span>
     <span class='ocr_line' id='line_1_35' title="bbox 104 3058 2254 3142; baseline -0.001 -19"><span class='ocrx_word' id='word_1_303' title='bbox 104 3061 265 3142; x_wconf 85' lang='lat' dir='ltr'><strong>cipio</strong></span> <span class='ocrx_word' id='word_1_304' title='bbox 294 3079 530 3141; x_wconf 85' lang='lat' dir='ltr'><strong>quoque</strong></span> <span class='ocrx_word' id='word_1_305' title='bbox 556 3061 731 3123; x_wconf 92' lang='lat' dir='ltr'><strong>huius</strong></span> <span class='ocrx_word' id='word_1_306' title='bbox 755 3061 843 3122; x_wconf 91' lang='lat' dir='ltr'><strong>rei</strong></span> <span class='ocrx_word' id='word_1_307' title='bbox 868 3059 1177 3122; x_wconf 88' lang='lat' dir='ltr'><strong>nobiscum</strong></span> <span class='ocrx_word' id='word_1_308' title='bbox 1206 3059 1618 3122; x_wconf 60' lang='lat' dir='ltr'><strong>deliberasses</strong></span> <span class='ocrx_word' id='word_1_309' title='bbox 1680 3060 2104 3132; x_wconf 81' lang='lat' dir='ltr'><strong>SuasissemuS,</strong></span> <span class='ocrx_word' id='word_1_310' title='bbox 2145 3058 2196 3121; x_wconf 85' lang='lat' dir='ltr'><strong>si</strong></span> <span class='ocrx_word' id='word_1_311' title='bbox 2216 3059 2254 3120; x_wconf 79' lang='grc' dir='ltr'><strong>ὅ</strong></span> 
     </span>
     <span class='ocr_line' id='line_1_36' title="bbox 99 3145 2196 3226; baseline -0.003 -15"><span class='ocrx_word' id='word_1_312' title='bbox 99 3147 371 3211; x_wconf 72' lang='lat' dir='ltr'><strong>Philotae</strong></span> <span class='ocrx_word' id='word_1_313' title='bbox 397 3147 571 3209; x_wconf 87' lang='lat' dir='ltr'><strong>velles</strong></span> <span class='ocrx_word' id='word_1_314' title='bbox 596 3147 923 3226; x_wconf 86' lang='lat' dir='ltr'><strong>ignoscere,</strong></span> <span class='ocrx_word' id='word_1_315' title='bbox 962 3145 1250 3225; x_wconf 85' lang='lat' dir='ltr'><strong>patereris</strong></span> <span class='ocrx_word' id='word_1_316' title='bbox 1290 3147 1488 3225; x_wconf 87' lang='lat' dir='ltr'><strong>potius</strong></span> <span class='ocrx_word' id='word_1_317' title='bbox 1514 3145 1786 3226; x_wconf 86' lang='lat' dir='ltr'><strong>ignorare</strong></span> <span class='ocrx_word' id='word_1_318' title='bbox 1813 3166 1967 3220; x_wconf 90' lang='lat' dir='ltr'><strong>eum,</strong></span> <span class='ocrx_word' id='word_1_319' title='bbox 2007 3161 2196 3224; x_wconf 90' lang='lat' dir='ltr'><strong>quan-</strong></span> 
     </span>
     <span class='ocr_line' id='line_1_37' title="bbox 102 3232 2194 3312; baseline -0.004 -17"><span class='ocrx_word' id='word_1_320' title='bbox 102 3241 233 3296; x_wconf 86' lang='lat' dir='ltr'><strong>tum</strong></span> <span class='ocrx_word' id='word_1_321' title='bbox 276 3234 525 3295; x_wconf 89' lang='lat' dir='ltr'><strong>deberet</strong></span> <span class='ocrx_word' id='word_1_322' title='bbox 576 3232 709 3308; x_wconf 88' lang='lat' dir='ltr'><strong>tibi,</strong></span> <span class='ocrx_word' id='word_1_323' title='bbox 767 3251 943 3312; x_wconf 89' lang='lat' dir='ltr'><strong>quam</strong></span> <span class='ocrx_word' id='word_1_324' title='bbox 995 3250 1187 3312; x_wconf 88' lang='lat' dir='ltr'><strong>usque</strong></span> <span class='ocrx_word' id='word_1_325' title='bbox 1229 3233 1302 3292; x_wconf 91' lang='lat' dir='ltr'><strong>ad</strong></span> <span class='ocrx_word' id='word_1_326' title='bbox 1349 3233 1556 3294; x_wconf 85' lang='lat' dir='ltr'><strong>mortis</strong></span> <span class='ocrx_word' id='word_1_327' title='bbox 1603 3242 1825 3296; x_wconf 90' lang='lat' dir='ltr'><strong>metum</strong></span> <span class='ocrx_word' id='word_1_328' title='bbox 1873 3232 2194 3294; x_wconf 88' lang='lat' dir='ltr'><strong>adductum</strong></span> 
     </span>
     <span class='ocr_line' id='line_1_38' title="bbox 104 3313 2194 3400; baseline -0.002 -19"><span class='ocrx_word' id='word_1_329' title='bbox 104 3338 355 3398; x_wconf 84' lang='lat' dir='ltr'><strong>cogeres</strong></span> <span class='ocrx_word' id='word_1_330' title='bbox 380 3320 584 3400; x_wconf 86' lang='lat' dir='ltr'><strong>potius</strong></span> <span class='ocrx_word' id='word_1_331' title='bbox 610 3318 683 3378; x_wconf 89' lang='lat' dir='ltr'><strong>de</strong></span> <span class='ocrx_word' id='word_1_332' title='bbox 716 3318 979 3399; x_wconf 87' lang='lat' dir='ltr'><strong>periculo</strong></span> <span class='ocrx_word' id='word_1_333' title='bbox 1014 3337 1121 3380; x_wconf 90' lang='lat' dir='ltr'><strong>suo</strong></span> <span class='ocrx_word' id='word_1_334' title='bbox 1150 3337 1328 3397; x_wconf 87' lang='lat' dir='ltr'><strong>quam</strong></span> <span class='ocrx_word' id='word_1_335' title='bbox 1363 3321 1438 3380; x_wconf 91' lang='lat' dir='ltr'><strong>de</strong></span> <span class='ocrx_word' id='word_1_336' title='bbox 1460 3329 1563 3381; x_wconf 89' lang='lat' dir='ltr'><strong>tuo</strong></span> <span class='ocrx_word' id='word_1_337' title='bbox 1595 3321 1856 3397; x_wconf 86' lang='lat' dir='ltr'><strong>cogitare</strong></span> <span class='ocrx_word' id='word_1_338' title='bbox 1883 3313 2194 3378; x_wconf 87' lang='lat' dir='ltr'><strong>beneflcio.</strong></span> 
     </span>
     <span class='ocr_line' id='line_1_39' title="bbox 104 3399 2196 3483; baseline -0.003 -16"><span class='ocrx_word' id='word_1_339' title='bbox 104 3405 213 3467; x_wconf 89' lang='lat' dir='ltr'><strong>Ille</strong></span> <span class='ocrx_word' id='word_1_340' title='bbox 238 3406 397 3468; x_wconf 90' lang='lat' dir='ltr'><strong>enim</strong></span> <span class='ocrx_word' id='word_1_341' title='bbox 431 3421 669 3483; x_wconf 87' lang='lat' dir='ltr'><strong>semper</strong></span> <span class='ocrx_word' id='word_1_342' title='bbox 699 3401 965 3465; x_wconf 87' lang='lat' dir='ltr'><strong>insidiari</strong></span> <span class='ocrx_word' id='word_1_343' title='bbox 1000 3405 1101 3465; x_wconf 87' lang='lat' dir='ltr'><strong>tibi</strong></span> <span class='ocrx_word' id='word_1_344' title='bbox 1127 3405 1367 3482; x_wconf 82' lang='lat' dir='ltr'><strong>poterit,</strong></span> <span class='ocrx_word' id='word_1_345' title='bbox 1409 3413 1474 3466; x_wconf 89' lang='lat' dir='ltr'><strong>tu</strong></span> <span class='ocrx_word' id='word_1_346' title='bbox 1507 3424 1627 3466; x_wconf 89' lang='lat' dir='ltr'><strong>non</strong></span> <span class='ocrx_word' id='word_1_347' title='bbox 1655 3420 1896 3481; x_wconf 84' lang='lat' dir='ltr'><strong>semper</strong></span> <span class='ocrx_word' id='word_1_348' title='bbox 1930 3399 2196 3461; x_wconf 74' lang='lat' dir='ltr'><strong>Philotae</strong></span> 
     </span>
     <span class='ocr_line' id='line_1_40' title="bbox 110 3485 2255 3573; baseline -0.001 -20"><span class='ocrx_word' id='word_1_349' title='bbox 110 3491 339 3573; x_wconf 88' lang='lat' dir='ltr'><strong>poteris</strong></span> <span class='ocrx_word' id='word_1_350' title='bbox 377 3492 708 3569; x_wconf 86' lang='lat' dir='ltr'><strong>ignoscere.</strong></span> <span class='ocrx_word' id='word_1_351' title='bbox 769 3488 893 3550; x_wconf 85' lang='lat' dir='ltr'><strong>Nec</strong></span> <span class='ocrx_word' id='word_1_352' title='bbox 934 3498 1025 3551; x_wconf 85' lang='lat' dir='ltr'><strong>est</strong></span> <span class='ocrx_word' id='word_1_353' title='bbox 1064 3490 1228 3569; x_wconf 90' lang='lat' dir='ltr'><strong>quod</strong></span> <span class='ocrx_word' id='word_1_354' title='bbox 1275 3490 1592 3563; x_wconf 88' lang='lat' dir='ltr'><strong>existimes,</strong></span> <span class='ocrx_word' id='word_1_355' title='bbox 1634 3505 1788 3558; x_wconf 86' lang='lat' dir='ltr'><strong>eum,</strong></span> <span class='ocrx_word' id='word_1_356' title='bbox 1835 3485 1933 3563; x_wconf 87' lang='lat' dir='ltr'><strong>qui</strong></span> <span class='ocrx_word' id='word_1_357' title='bbox 1967 3487 2255 3550; x_wconf 69' lang='lat' dir='ltr'><strong>tantuma</strong></span> 
     </span>
     <span class='ocr_line' id='line_1_41' title="bbox 108 3565 2196 3659; baseline -0.002 -20"><span class='ocrx_word' id='word_1_358' title='bbox 108 3595 295 3642; x_wconf 80' lang='lat' dir='ltr'><strong>ausus</strong></span> <span class='ocrx_word' id='word_1_359' title='bbox 314 3585 427 3654; x_wconf 80' lang='lat' dir='ltr'><strong>eat,</strong></span> <span class='ocrx_word' id='word_1_360' title='bbox 449 3576 618 3640; x_wconf 75' lang='lat' dir='ltr'><strong>venia</strong></span> <span class='ocrx_word' id='word_1_361' title='bbox 643 3594 826 3659; x_wconf 85' lang='lat' dir='ltr'><strong>posse</strong></span> <span class='ocrx_word' id='word_1_362' title='bbox 852 3575 1083 3638; x_wconf 85' lang='lat' dir='ltr'><strong>mutari.</strong></span> <span class='ocrx_word' id='word_1_363' title='bbox 1130 3573 1270 3647; x_wconf 89' lang='lat' dir='ltr'><strong>Scit,</strong></span> <span class='ocrx_word' id='word_1_364' title='bbox 1295 3593 1418 3648; x_wconf 78' lang='lat' dir='ltr'><strong>eoS,</strong></span> <span class='ocrx_word' id='word_1_365' title='bbox 1444 3576 1539 3654; x_wconf 90' lang='lat' dir='ltr'><strong>qui</strong></span> <span class='ocrx_word' id='word_1_366' title='bbox 1567 3565 2032 3636; x_wconf 70' lang='lat' dir='ltr'><strong>misericordiam</strong></span> <span class='ocrx_word' id='word_1_367' title='bbox 2051 3592 2196 3637; x_wconf 83' lang='lat' dir='ltr'><strong>con-</strong></span> 
     </span>
    </p>
   </div>
  </div>
 </body>
</html>
