2417 3900
454 158 478 163 -
512 112 652 177 ue.
695 114 795 175 lx.
840 112 1021 192 (vu.)
1059 96 1226 175 'CAR
1267 112 1339 173 v..
1385 111 1672 177 14—30.
2025 114 2148 177 193

80 249 215 295 reus
239 230 337 303 εἰς,
366 249 545 309 quum
568 231 894 295 insanabile
915 232 1124 293 vulnus
1149 228 1523 310 acceperim?
1565 229 1642 291 At
1663 229 1992 295 Critobulus
2015 243 2152 297 tan-
2168 240 2258 304 27

81 318 211 378 dem
249 317 343 378 vel
376 318 541 380 finito
577 318 668 379 vel
700 316 1063 379 dissimulato
1099 323 1263 378 metu
1298 316 1520 377 hortari
1551 334 1686 379 eum
1726 314 1948 395 coepit,
1987 330 2052 381 ut
2083 340 2156 386 se

82 401 499 465 continendum
532 404 861 483 praeberet,
908 401 1047 461 dum
1083 400 1376 480 spiculum
1409 402 1713 464 evelleret:
1757 400 1932 463 etiam
1965 403 2154 468 levem

82 488 349 567 corporis
375 499 599 553 motum
626 488 867 549 noxium
892 488 1037 548 fore.
1082 486 1209 547 Rex
1236 504 1414 565 quum
1439 488 1803 561 affirmasset,
1828 487 1976 550 nihil
2002 507 2155 568 opus
2172 495 2258 557 28

74 592 209 635 esse
231 573 343 647 his,
366 574 467 653 qui
486 584 673 639 semet
691 576 1080 647 continerent,
1104 572 1258 633 sieut
1275 580 1649 652 praeceptum
1672 581 1812 645 erat,
1838 573 1968 635 sine
1990 584 2160 639 motu

69 657 345 739 praebuit
366 678 599 739 corpus.
644 660 825 738 Igitur
846 659 1135 739 patefacto
1156 657 1333 719 latius
1352 659 1598 719 vulnere
1625 667 1683 719 et
1699 658 1928 737 spiculo
1951 661 2158 723 evulso

67 744 288 822 ingens
303 744 391 805 vis
407 746 707 825 sanguinis
723 763 961 807 manare
976 762 1081 805 coe
1085 743 1171 824 pit
1184 742 1488 824 linquique
1505 740 1702 805 animo
1717 762 1822 805 rex
1839 752 1898 807 et
1913 745 2160 825 caligine

68 829 265 891 oculis
295 832 483 905 offusa
510 832 685 893 veluti
719 831 1105 894 moribundus
1134 829 1391 892 extendi.
1463 828 1778 909 Quumque
1806 832 2156 910 profluvium
2175 830 2260 893 2⁹

35 915 519 979 'medicamentis
554 919 771 979 frustra
804 916 1165 990 inhiberent,
1204 917 1426 979 clamor
1463 915 1638 977 simul
1674 924 1849 995 atque
1893 918 2156 998 ploratus

68 1000 395 1061 amicorum
417 1004 618 1077 oritur,
638 1022 838 1083 regem
858 1003 1192 1083 exspirasse
1213 1000 1602 1063 credentium.
1645 1002 1908 1065 Tandem
1930 1004 2158 1065 consti-

66 1087 138 1148 tit
164 1087 425 1165 sanguis,
445 1090 865 1169 paullatimque
889 1090 1147 1165 animum
1172 1086 1393 1166 recepit
1419 1094 1479 1147 et
1499 1087 1940 1149 circumstantes
1963 1090 2160 1168 coepit

69 1189 419 1251 agnoscere.
487 1174 637 1236 Toto
678 1194 749 1235 eo
788 1175 885 1236 die
918 1192 989 1235 ac
1020 1181 1216 1246 nocte,
1262 1191 1413 1251 quae
1447 1180 1696 1251 sequuta
1735 1182 1852 1247 est,
1897 1185 2158 1236 armatus
2174 1178 2263 1241 3⁰

68 1257 365 1319 exercitus
388 1259 606 1337 regiam
634 1257 888 1333 obsedit,
934 1260 1242 1321 confessus
1275 1276 1486 1319 omnes
1509 1257 1684 1319 unius
1707 1258 1918 1337 spiritu
1945 1259 2158 1321 vivere.

64 1342 195 1405 Nec
217 1343 383 1422 prius
413 1352 809 1419 recesserunt,
852 1362 1023 1423 quam
1058 1354 1426 1422 compertum
1452 1351 1560 1416 est,
1597 1360 1810 1404 somno
1839 1344 2162 1424 paullisper

68 1429 469 1507 acquiescere.
537 1430 693 1491 Hinc
728 1430 1037 1491 certiorem
1072 1446 1237 1507 spem
1274 1429 1474 1489 salutis
1501 1428 1626 1489 eius
1659 1428 1720 1489 in
1749 1442 1938 1491 castra
1971 1438 2160 1493 rettu-

62 1514 287 1577 lerunt.

205 1600 365 1679 Cap.
394 1598 488 1660 Vl.
531 1599 657 1661 Rex
694 1606 923 1679 septem
958 1598 1169 1660 diebus
1210 1606 1410 1659 curato
1445 1600 1718 1672 vulnere,
1759 1600 2012 1662 necdum
2049 1600 2159 1661 ob-
2179 1610 2218 1673 ι

66 1684 256 1746 ducta
282 1684 567 1759 cicatrice,
614 1702 796 1763 quum
834 1684 1114 1755 audisset,
1162 1682 1527 1745 convaluisse
1563 1685 1719 1764 apud
1754 1683 2043 1748 barbaros
2069 1687 2159 1747 fa-

33 1787 235 1841 ,mam
260 1767 467 1829 mortis
494 1786 652 1845 suae,
688 1770 925 1831 duobus
959 1768 1202 1847 navigiis
1233 1768 1447 1831 iunctis
1469 1770 1646 1831 statui
1671 1771 1732 1832 in
1755 1772 2018 1833 medium
2046 1792 2158 1834 un-

33 1850 255 1934 *dique
292 1854 673 1934 conspicuum
708 1855 1149 1917 tabernaculum
1188 1853 1389 1929 iussit,
1439 1874 1510 1916 ex
1549 1875 1668 1936 quo
1711 1876 1776 1919 se
1821 1859 2164 1921 ostenderet

60 1940 302 2022 perisse
340 1940 734 2004 credentibus.
806 1942 1288 2022 Conspectusque
1327 1940 1402 2001 ab
1443 1942 1651 2006 incolis
1687 1962 1856 2023 spem
1895 1946 2158 2007 hostium

60 2028 224 2088 falso
244 2026 461 2088 nuncio
484 2035 831 2107 conceptam
848 2027 1116 2089 inhibuit.
1162 2027 1437 2088 Secundo
1463 2028 1678 2088 deinde
1700 2048 1872 2089 amne
1893 2031 2155 2105 defluxit,
2173 2041 2216 2102 2

62 2113 431 2192 aliquantum
449 2111 731 2175 intervalli
752 2130 786 2172 a
807 2120 997 2173 cetera
1019 2113 1205 2172 classe
1224 2112 1614 2191 praecipiens,
1639 2130 1714 2172 ne
1734 2113 1900 2193 quies
1921 2115 2160 2192 corpori

60 2196 326 2260 invalido
362 2198 557 2259 adhuc
588 2196 923 2259 necessaria
950 2197 1125 2275 pulsu
1155 2214 1455 2256 remorum
1482 2196 1884 2274 impediretur.
1931 2200 2156 2271 Quarto
2175 2211 2220 2274 3

60 2290 385 2364 postquam
414 2283 689 2362 navigare
719 2290 996 2361 coeperat
1020 2281 1116 2342 die
1151 2280 1415 2359 pervenit
1447 2281 1508 2340 in
1532 2280 1836 2359 regionem
1861 2281 2160 2344 desertam

62 2368 315 2449 quidem
338 2368 411 2429 ab
434 2368 660 2444 incolis,
685 2368 791 2428 sed
817 2370 1112 2430 frumento
1137 2374 1196 2426 et
1221 2365 1534 2444 pecoribus
1557 2367 1977 2431 abundantem.
2021 2367 2158 2428 Pla-

60 2455 193 2516 cuit
220 2453 271 2514 is
304 2453 469 2516 locus
494 2463 551 2516 et
575 2455 659 2527 ad
686 2471 856 2518 suam
879 2460 939 2514 et
966 2453 1041 2514 ad
1072 2452 1319 2512 militum
1343 2452 1627 2532 requiem.
1673 2452 1804 2513 Mos
1831 2462 1960 2516 erat
1990 2453 2156 2534 prin-
2174 2465 2216 2526 4

65 2540 307 2620 cipibus
329 2540 649 2603 amicorum
678 2548 740 2602 et
761 2537 1105 2602 custodibus
1140 2537 1406 2618 corporis
1442 2539 1732 2600 excubare
1756 2547 1892 2608 ante
1918 2549 2156 2620 praeto-

61 2625 247 2700 rium,
269 2625 499 2704 quoties
524 2627 765 2688 adversa
786 2625 914 2705 regi
940 2625 1207 2688 valetudo
1231 2623 1554 2686 incidisset.
1619 2624 1748 2687 Hoc
1770 2633 1891 2688 tum
1920 2646 2156 2707 quoque

59 2728 243 2772 more
268 2717 503 2772 servato
527 2711 781 2775 universi
810 2710 1138 2774 cubiculum
1164 2709 1288 2772 eius
1315 2710 1551 2774 intrant.
1598 2712 1701 2774 Ille
1735 2711 2035 2789 sollicitus,
2077 2734 2154 2775 ne
2174 2723 2212 2782 ὅ

64 2795 220 2876 quid
262 2796 397 2860 novi
438 2799 746 2873 afferrent,
788 2796 923 2877 quia
974 2797 1149 2860 simul
1190 2804 1500 2875 venerant,
1551 2805 1959 2878 percontatur,
2009 2819 2153 2862 num

62 2880 335 2944 hostium
360 2901 567 2946 recens
592 2883 965 2946 nunciaretur
988 2885 1297 2944 adventus.

205 2966 278 3028 At
301 2967 589 3044 Craterus,
617 2969 711 3032 cui
734 2971 1071 3032 mandatum
1098 2978 1242 3041 erat,
1267 2977 1331 3030 ut
1351 2968 1668 3030 amicorum
1696 2987 1904 3049 preces
1929 2972 2152 3048 perfer·
2171 2977 2214 3037 6

62 3061 169 3114 ret
191 3052 265 3113 ad
291 3071 445 3130 eum,
484 3055 785 3132 Credisne,
816 3055 1021 3136 inquit,
1056 3055 1311 3117 adventu
1334 3054 1518 3134 magis
1541 3054 1818 3130 hostium,
1860 3056 2060 3116 utiam
2085 3056 2154 3114 in

62 3139 226 3200 vallo
247 3139 655 3214 consisterent,
675 3142 951 3205 sollicitos
969 3159 1122 3210 esse,
1146 3159 1322 3220 quam
1342 3158 1480 3201 cura
1505 3141 1708 3202 salutis
1727 3150 1883 3216 tuae,
1908 3148 1972 3200 ut
1993 3158 2156 3199 nunc

62 3232 185 3298 est,
212 3223 315 3285 tibi
341 3224 509 3289 vilis?
555 3228 926 3300 Quantalibet
944 3229 1028 3289 vis
1053 3225 1314 3289 omnium
1337 3227 1600 3306 gentium
1618 3226 1916 3306 conspiret
1933 3224 1992 3285 in
2017 3243 2148 3300 noe,
2168 3225 2209 3288 7

62 3309 317 3389 impleat
339 3314 517 3374 armis
536 3314 793 3392 virisque
813 3322 1000 3376 totum
1024 3315 1250 3387 orbem,
1279 3313 1565 3374 classibus
1581 3313 1768 3374 'maria
1792 3316 2150 3386 consternat,

58 3395 383 3458 inusitatas
407 3398 614 3461 beluas
640 3398 902 3462 inducat:
946 3411 1009 3464 tu
1034 3419 1144 3463 nos
1169 3399 1498 3478 praestabis
1533 3398 1798 3460 invictos.
1867 3395 1986 3455 Sed
2015 3397 2148 3473 quis
2168 3396 2208 3458 8

64 3483 324 3555 deorum
348 3483 464 3545 hoc
488 3484 865 3547 Macedoniae
887 3489 1157 3549 columen
1180 3501 1252 3544 ae
1273 3483 1436 3546 sidus
1463 3483 1796 3544 diuturnum
1823 3480 1950 3542 fore
1975 3481 2148 3560 polli-

66 3566 195 3630 ceri
222 3576 440 3647 potest,
481 3591 658 3650 quum
692 3579 807 3632 tam
834 3571 1001 3634 avide
1022 3568 1344 3633 manifestis
1369 3567 1642 3649 periculis
1670 3567 1882 3628 offeras
1909 3585 2146 3646 corpus,

190 3663 400 3712 Curtius.
1775 3661 1838 3714 13
