2417 3900
194 67 314 131 102
656 68 754 129 DE
799 66 1062 129 GESTts
1103 66 1537 129 ALEXANDRI
1578 60 1833 126 MAGNI·

87 198 176 261 28
195 187 443 252 scendit.
482 187 675 247 Altera
698 186 909 265 papilla
927 186 1140 248 intacta
1161 194 1445 261 servatur,
1468 200 1581 265 qua
1598 178 1901 244 muliebris
1920 198 2101 261 sexus
2118 180 2285 245 libe-

195 294 296 337 ros
331 274 518 347 alant3
567 272 835 333 aduritur
876 274 1095 345 dextra,
1131 282 1197 333 ut
1234 290 1405 333 arcus
1448 268 1675 331 facilius
1716 266 2028 329 intendant
2060 274 2123 328 et
2161 270 2285 331 tela

89 367 179 430 29
193 361 444 423 vibrent.
508 358 780 419 Interrito
821 358 980 417 vultu
1013 376 1215 437 regem
1258 355 1577 418 Thalestris
1611 354 1968 427 intuebatur,
2007 353 2284 417 habitum

195 448 322 507 eius
376 444 828 523 haudquaquam
876 461 1078 505 rerum
1137 445 1328 504 famae
1388 459 1595 522 parem
1646 440 1830 501 oculis
1880 440 2283 520 perlustrans.

193 532 430 611 Quippe
487 530 764 591 omnibus
817 528 1082 592 barbaris
1131 527 1194 589 in
1244 545 1561 607 corporum
1621 526 1923 588 maiestate
1975 528 2283 588 veneratio

75 650 80 658 ι
194 626 310 691 est,
356 634 821 713 magnorumque
867 633 1116 694 operum
1161 633 1283 676 non
1328 615 1474 675 alios
1524 630 1769 701 capaces
1810 618 2051 690 putant,
2098 631 2282 691 quam

87 714 174 779 30
195 722 344 783 quos
395 702 602 763 eximia
652 702 850 781 specie
901 704 1123 773 donare
1169 709 1379 761 natura
1416 699 1650 777 dignata
1686 694 1795 759 est.
1874 699 2156 759 Ceterum
2189 700 2286 759 in

193 797 508 875 terrogata,
548 806 689 849 num
722 786 940 866 aliquid
979 795 1180 866 petere
1218 787 1421 859 vellet,
1459 785 1619 846 haud
1659 784 1943 845 dubitavit
1980 784 2169 859 fateri,
2205 784 2280 845 ad

77 906 84 960 ἑ
193 869 720 947 communicandos
757 892 888 934 cum
925 890 1066 951 rege
1107 871 1329 941 liberos
1368 889 1433 931 se
1461 870 1713 945 venisse,
1756 870 2013 947 dignam,
2052 887 2123 930 ex
2164 888 2282 949 qua

75 966 84 1008 ἕ
135 974 139 983 ·
192 959 323 1038 ipse
362 957 532 1035 regni
571 966 878 1035 generaret
908 958 1179 1019 beredeS.
1240 956 1531 1018 Feminini
1570 974 1744 1017 Sexus
1782 974 1848 1016 se
1891 963 2275 1029 retenturam,

91 1053 174 1115 31
195 1048 416 1106 m'arem
435 1043 794 1106 reddituram
821 1043 992 1123 patri.
1035 1044 1387 1117 Alexander,
1414 1062 1489 1105 an
1510 1060 1644 1104 cum
1665 1042 1795 1123 ipso
1819 1041 2063 1103 militare
2081 1042 2277 1113 vellet,

194 1129 544 1207 interrogat:
567 1138 626 1189 et
641 1129 737 1190 illa
761 1139 1008 1203 causata,
1035 1128 1163 1191 sine
1184 1129 1427 1191 custode
1446 1146 1695 1207 regnum
1717 1128 2049 1208 reliquisse,
2068 1136 2277 1205 petere

91 1224 176 1287 32
195 1215 632 1299 perseverabat,
669 1234 767 1275 ne
779 1235 845 1277 se
870 1214 1091 1277 irritam
1119 1216 1246 1296 spei
1275 1224 1571 1315 pateretur
1596 1215 1777 1276 abire.
1824 1214 2033 1276 Acrior
2060 1213 2135 1273 ad
2156 1214 2279 1273 Ve-

195 1319 402 1365 nerem
439 1300 688 1362 feminae
724 1301 936 1382 cupido
967 1321 1142 1381 quam
1177 1303 1354 1381 regis,
1394 1310 1459 1362 ut
1496 1319 1715 1381 paucos
1744 1300 1871 1361 dies
1906 1298 2282 1371 subsisteret,

194 1386 470 1467 perpulit.
525 1387 740 1448 Decem
784 1396 841 1449 et
873 1397 992 1449 tres
1031 1388 1156 1449 dies
1201 1388 1263 1449 in
1302 1387 1651 1485 obsequium
1687 1386 1965 1448 desiderii
2002 1384 2135 1447 eius
2180 1386 2283 1446 ab·

93 1464 101 1547 f
198 1472 418 1553 sumpti
437 1481 593 1534 Sunt.
638 1473 789 1533 Tum
816 1473 912 1535 illa
930 1492 1182 1552 regnum
1201 1493 1395 1547 suum,
1419 1492 1525 1533 rex
1546 1472 1902 1534 Parthienen
1926 1471 2285 1552 petiverunt.

141 1560 178 1625 1
327 1559 607 1638 Cap.V1.
636 1551 762 1619 Hic
786 1578 928 1621 vero
961 1560 1154 1644 palam
1181 1559 1531 1639 cupiditates
1568 1577 1709 1620 suas
1744 1558 1934 1632 solvit,
1970 1558 2286 1620 continen-

81 1686 88 1716 ,
198 1643 456 1725 tiamque
485 1654 542 1705 et
565 1646 1052 1717 moderationem,
1079 1646 1140 1706 in
1169 1646 1451 1707 altissima
1480 1662 1712 1724 quaque
1744 1646 1979 1706 fortuna
2014 1644 2284 1705 eminen-

139 1732 180 1794 2
199 1728 278 1790 tia
304 1730 478 1803 bona,
510 1729 574 1790 i'n
599 1730 936 1808 superbiam
963 1750 1032 1791 ac
1055 1730 1351 1791 lasciviam
1378 1731 1565 1791 vertit.
1624 1730 1849 1793 Patrios
1877 1748 2078 1791 mores
2111 1729 2285 1793 disci-

199 1814 540 1893 plinamque
567 1814 956 1877 Macedonum
983 1834 1189 1893 regum
1220 1816 1531 1877 salubriter
1554 1825 1941 1895 temperatam
1968 1825 2029 1876 et
2056 1816 2279 1877 civilem

199 1899 468 1962 habitum
507 1902 662 1961 velut
701 1901 918 1962 leviora
949 1902 1351 1980 magnitudine
1388 1921 1495 1963 sua
1524 1904 1749 1964 ducens
1783 1902 2052 1964 Persicae
2090 1900 2285 1981 regiae

142 1997 183 2060 3
201 2005 312 2067 par
336 1988 580 2047 deorum
602 1987 898 2066 potentiae
925 1989 1220 2066 fastigium
1246 1988 1666 2049 aemulabatur.
1693 1989 1893 2049 Iacere
1912 1987 2079 2049 humi
2110 2006 2284 2050 vene-

199 2071 508 2134 rabundos
532 2073 724 2152 ipsum
758 2075 1177 2153 paullatimque
1214 2073 1520 2136 servilibus
1549 2073 1885 2136 ministeriis
1914 2081 2003 2135 tot
2029 2073 2283 2136 victores

143 2168 185 2228 4
205 2157 466 2236 gentium
491 2157 758 2221 imbuere
785 2168 843 2220 et
863 2159 1104 2238 captivis
1128 2177 1301 2240 pares
1328 2162 1517 2223 facere
1539 2161 1869 2238 expetebat.
1910 2160 2124 2239 Itaque
2147 2179 2287 2258 pur:

115 2263 122 2271 ’
203 2263 454 2324 pureum
482 2244 751 2305 diadema
778 2245 1121 2307 distinctum
1145 2247 1299 2320 albe,
1330 2247 1499 2324 quale
1528 2246 1752 2308 Dareus
1775 2246 2081 2320 habuerat,
2114 2243 2288 2327 capiti

101 2359 107 2362 ·
205 2329 590 2392 circumdedit
620 2340 960 2410 vestemque
983 2317 1281 2393 Persicam
1304 2331 1575 2411 sumpsit,
1602 2349 1679 2392 ne
1709 2351 1883 2393 omen
1910 2331 2155 2411 quidem
2186 2349 2288 2392 ve-

147 2424 186 2484 5
204 2417 368 2488 rituS,
395 2417 554 2496 quod
580 2434 616 2475 a
641 2417 876 2479 victoris
900 2417 1271 2494 insignibus
1254 2437 1315 2478 ιιι
1344 2417 1555 2479 devicti
1582 2417 1859 2480 transiret
1882 2417 2169 2479 habitum.
2212 2416 2288 2478 Et

176 2501 308 2584 ¹ille
335 2519 400 2561 se
443 2502 682 2580 quidem
717 2503 905 2580 Spolia
936 2505 1247 2565 Persarum
1288 2512 1519 2582 gestare
1562 2503 1809 2578 dicebat,
1858 2505 1965 2564 sed
2001 2522 2141 2565 cum
2175 2503 2286 2564 illis

209 2604 442 2665 quoque
467 2605 665 2647 mores
687 2587 976 2662 induerat,
1013 2589 1470 2668 superbiamque
1494 2585 1731 2650 habitus
1759 2588 1937 2652 animi
1972 2588 2287 2651 insolentia

147 2675 188 2736 6
207 2670 582 2750 sequebatur.
627 2671 852 2734 Literas
883 2692 1138 2754 quoque,
1167 2693 1315 2754 quas
1340 2675 1405 2738 in
1426 2675 1723 2755 Europam
1752 2675 2028 2749 mitteret,
2065 2674 2286 2736 veteris

207 2755 363 2816 anuli
399 2759 632 2835 gemma
675 2758 1040 2838 obsignabat,
1083 2761 1198 2836 his,
1236 2780 1383 2841 quas
1417 2761 1480 2822 in
1520 2762 1717 2822 Asiam
1765 2761 2069 2846 scriberet,
2116 2760 2287 2823 Darei

209 2843 418 2903 anulus
444 2841 907 2922 imprimebatur,
932 2857 996 2908 ut
1020 2857 1352 2927 appareret,
1383 2866 1567 2909 unum
1597 2839 1857 2909 animum
1886 2848 2146 2909 duorum
2168 2864 2287 2908 non

149 2939 190 3000 7
211 2944 420 3006 capere
453 2929 765 2992 fortunam.
821 2933 1057 2994 Amicos
1083 2953 1223 2995 vero
1256 2943 1313 2996 et
1344 2933 1571 3013 equites
1600 2934 1685 3009 (hi
1709 2952 1965 3014 namque
1987 2933 2288 3014 principes
2404 2939 2406 2948 '

209 3011 490 3094 militum)
517 3026 904 3094 aspernantes
932 3019 1192 3098 quidem,
1232 3021 1338 3081 Sed
1366 3037 1643 3082 recusare
1670 3039 1792 3083 non
1824 3039 2003 3081 ausos
2033 3019 2288 3081 Persicis

149 3109 192 3170 8
212 3107 518 3162 ornaverat
547 3102 829 3165 vestibuS.
873 3104 1119 3167 Pellices
1144 3125 1252 3167 ccc
1277 3114 1337 3168 et
1361 3126 1461 3180 Lx,
1494 3106 1757 3181 totidem,
1796 3114 1953 3205 quot
1965 3105 2142 3167 Darei
2164 3105 2290 3166 sue-

211 3194 360 3258 rant,
384 3187 604 3265 regiam
624 3188 963 3268 implebant,
988 3208 1136 3268 quas
1155 3193 1487 3271 spadonum
1511 3191 1957 3272 gregeS‚et1ps1
1981 3191 2290 3254 muliebria

211 3271 334 3352 pati
359 3275 598 3346 assueti,
623 3275 1043 3355 sequebantur.

149 3364 194 3427 9
337 3355 498 3419 Haec
520 3357 660 3422 luxu
685 3369 744 3422 et
767 3359 1096 3440 peregrinis
1116 3361 1330 3423 infecta
1355 3363 1617 3424 moribus
1644 3371 1869 3424 veteres
1895 3359 2149 3438 Philippi
2178 3361 2288 3418 mi·

213 3442 361 3515 lites,
402 3445 566 3508 rudis
608 3446 768 3509 natio
806 3449 882 3510 ad
924 3447 1272 3528 voluptateS‚
1308 3450 1501 3527 palam
1548 3449 1983 3518 aversabantur,
2032 3445 2289 3522 totisque

214 3529 418 3590 castris
443 3551 596 3596 unus
621 3535 884 3598 omnium
910 3551 1126 3598 sensus
1153 3553 1225 3598 ac
1247 3552 1446 3597 sermo
1472 3543 1615 3611 erat,
1636 3536 1769 3615 plus
1791 3532 2077 3596 amissum
2103 3530 2289 3592 victo-
