2417 3900
435 156 577 219 ιιΒ.
628 106 973 233 vnum.)
1021 154 1180 215 car.
1223 154 1369 216 xrv.
1420 153 1666 217 1-16,
1993 154 2118 219 177

56 292 213 354 quam
236 272 369 335 alias
390 276 557 339 susus
580 292 823 353 campos
847 272 1105 333 lubricos
1125 280 1183 331 et
1199 272 1604 351 inequitabiles
1629 276 1863 347 fecerat,
1891 292 2131 351 graves-

58 378 160 437 que
199 372 251 419 et
296 362 729 442 propemodum
774 357 1107 418 immobiles
1152 376 1360 417 currus
1405 358 1597 419 illuvie
1639 376 1709 419 ac
1753 362 2128 439 voraginibus

54 445 375 507 haerebant.
450 450 668 509 Contra
701 444 1033 504 Alexander
1070 443 1344 521 expedito
1379 460 1450 503 ac
1481 444 1591 504 levi
1628 445 1860 523 agmine
1890 455 2186 515 strenue5

51 531 301 591 invectus
330 542 439 594 est.
514 532 767 615 Scythae
803 539 862 590 et
884 528 1081 589 Dahae
1118 528 1294 607 primi
1328 530 1587 589 omnium
1622 531 1892 593 invasere
1917 533 2132 594 Indos:

50 614 376 676 Perdiccam
436 618 651 678 deinde
693 631 827 677 cum
874 614 1167 693 equitibus
1208 614 1271 673 in
1330 615 1598 675 dextrum
1643 634 1827 679 cornu
1871 618 2132 679 hostium

50 702 251 763 emisit.
296 700 419 762 lam
443 704 698 783 undique
720 720 913 781 pugna
939 718 1002 761 se
1028 708 1306 773 moverat,
1333 718 1516 779 quum
1539 700 1619 773 hi,
1645 701 1742 779 qui
1766 722 1973 765 currus
1992 722 2133 783 age-
2151 707 2193 768 6
2219 768 2224 776 ,

49 786 200 860 bant,
244 786 387 848 illud
418 788 678 849 ultimum
709 785 977 848 aux'ilium
1010 805 1255 847 suorum
1284 787 1394 847 rati
1421 786 1620 847 effusis
1645 786 1894 849 habenis
1919 790 1980 849 in
2003 808 2132 850 me-

49 872 203 933 dium
242 873 557 937 discrimen
601 892 778 935 ruere
817 882 1157 953 coeperunt.
1227 874 1462 952 Anceps
1505 873 1566 933 id
1602 874 1820 934 malum
1868 876 2188 956 utrisque?

48 968 198 1045 erat:
228 976 359 1018 nam
389 968 445 1019 et
470 961 855 1022 Macedonum
881 958 1114 1038 pedites
1138 959 1329 1039 primo
1353 958 1577 1037 impetu
1603 958 2040 1036 obterebantur,
2070 968 2131 1023 et

48 1060 151 1121 per
174 1044 394 1105 lubrica
420 1055 592 1125 atque
616 1046 770 1107 invia
796 1044 1044 1105 immissi
1072 1064 1277 1106 currus
1303 1045 1674 1106 excutiebant
1703 1064 1822 1119 eoS,
1852 1068 1885 1107 a
1913 1047 2131 1127 quibus

48 1130 425 1207 regebantur3
463 1132 711 1192 aliorum
745 1130 963 1192 turbati
1000 1130 1136 1207 equi
1172 1150 1294 1191 non
1327 1130 1389 1190 in
1417 1130 1725 1207 voragines
1750 1133 1930 1192 modo
1968 1130 2194 1192 lacu-8

49 1232 291 1293 nasque,
333 1216 441 1277 sed
484 1215 658 1277 etiam
704 1216 769 1275 in
820 1231 1053 1274 amnem
1098 1212 1557 1293 praecipitavere
1603 1215 1914 1291 curricula;
1957 1215 2132 1295 pauci
2151 1215 2191 1277 9

50 1299 165 1360 telis
210 1300 472 1361 hostium
510 1300 698 1361 exacti
738 1308 1130 1379 penetravere
1164 1300 1238 1357 ad
1280 1300 1498 1359 Porum
1544 1299 1828 1359 acerrime
1868 1318 2132 1380 pugnam

58 1384 314 1446 cientem.

162 1471 238 1544 Is,
269 1478 333 1531 ut
361 1469 683 1547 dissipatos
710 1474 829 1527 tota
857 1466 980 1527 acie
1010 1484 1216 1526 currus
1243 1468 1437 1545 vagari
1464 1467 1590 1527 sine
1617 1468 1944 1529 rectoribus
1971 1468 2132 1543 vidit,

48 1556 322 1633 proximis
343 1552 672 1614 amicorum
698 1552 991 1614 distribuit
1017 1552 1382 1630 elephantos
1425 1552 1568 1613 Post
1591 1572 1694 1613 eos
1719 1560 2001 1632 posuerat
2025 1572 2132 1633 pe·
2156 1558 2237 1623 10

48 1640 216 1701 ditem
246 1660 315 1701 ac
337 1638 688 1717 sagittariOS‚
713 1648 983 1719 tympana
1010 1638 1246 1717 pulsare
1271 1637 1494 1699 solitos
1541 1638 1608 1699 ld
1627 1658 1736 1718 pro
1762 1646 1937 1699 cantu
1959 1640 2136 1701 tuba-

48 1742 165 1785 rum
202 1724 365 1785 lndis
390 1735 530 1801 erat,
575 1744 690 1786 nec
710 1724 957 1805 strepitu
986 1742 1189 1785 eorum
1218 1724 1622 1797 movebantur,
1659 1724 1796 1785 olim
1822 1726 1898 1786 ad
1925 1732 2133 1787 notum

48 1824 254 1895 tonum
285 1810 521 1871 auribus
553 1810 847 1890 mitigatiS.
917 1809 1183 1871 Herculis
1209 1810 1582 1871 simulacrum
1623 1812 1840 1890 agmini
1867 1812 2132 1891 peditum
2155 1814 2234 1877 11

48 1895 501 1974 praeferebatur.
572 1896 639 1959 ld
682 1897 995 1959 maximum
1024 1906 1149 1958 erat
1179 1895 1531 1959 bellantibus
1569 1897 2031 1973 incitamentum,
2075 1905 2136 1960 et
2188 1904 2214 1911 ”

48 1981 373 2043 deseruisse
401 1991 699 2062 gestantes
724 1983 972 2046 militare
999 1983 1279 2061 flagitium
1305 1983 1653 2045 habebatur.
1710 1985 1929 2063 Capitis
1957 1985 2131 2046 etiam
2154 1986 2234 2048 12
2319 2028 2333 2034 -

50 2077 354 2129 sanxerant
382 2088 633 2146 poenam
665 2070 775 2144 his,
820 2069 920 2150 qui
946 2089 1016 2130 ex
1043 2069 1166 2128 acie
1191 2088 1312 2129 non
1339 2068 1721 2141 rettulissent,
1749 2078 1926 2142 metu,
1953 2087 2134 2148 quem

54 2169 109 2212 ex
135 2153 238 2214 illo
264 2153 440 2213 hoste
465 2155 766 2231 quondam
792 2161 1206 2231 conceperant,
1234 2153 1405 2212 etiam
1430 2153 1491 2212 in
1518 2152 1862 2228 religionem
1888 2169 2135 2212 venera-

51 2237 380 2316 tionemque
404 2256 711 2298 converso.
756 2238 1108 2297 Macedonas
1133 2254 1254 2296 non
1277 2235 1585 2307 beluarum
1605 2237 1804 2309 modo,
1829 2235 1935 2294 sed
1959 2235 2133 2296 etiam

53 2319 224 2400 ipsius
249 2321 409 2400 regis
434 2332 711 2401 aspectus
738 2335 1057 2401 parumper
1075 2321 1348 2382 inhibuit.
1395 2321 1610 2380 Beluae
1636 2319 1957 2400 dispositae
1981 2319 2136 2380 inter
2160 2319 2237 2382 13

55 2420 298 2470 armatos
330 2409 589 2488 speciem
614 2407 865 2468 turrium
888 2407 1096 2486 procul
1118 2407 1397 2467 fecerant.
1462 2405 1594 2484 Ipse
1619 2405 1811 2466 Porus
1837 2405 2136 2465 humanae

54 2493 466 2573 magnitudinis
518 2493 949 2574 propemodum
1008 2500 1343 2553 excesserat
1392 2493 1658 2552 sormam.
1746 2488 2174 2574 Magnitudinig·

53 2575 178 2639 Pori
208 2579 467 2640 adiicere
492 2578 803 2641 videbatur
826 2577 1019 2652 belua,
1059 2595 1174 2655 qua
1201 2576 1542 2650 vehebatur,
1591 2585 1819 2638 tantum
1844 2577 2000 2638 inter
2033 2595 2132 2639 ce-

54 2670 195 2724 teras
218 2665 509 2737 eminenS,
541 2673 758 2744 quanto
786 2663 913 2724 aliis
939 2663 1064 2742 ipse
1092 2663 1449 2742 praestabat.

169 2749 376 2830 Itaque
397 2751 744 2825 Alexander,
770 2749 1199 2828 contemplatus
1222 2756 1279 2809 et
1295 2767 1493 2827 regem
1516 2756 1574 2809 et
1591 2765 1804 2827 agmen
1828 2747 2129 2826 Indorum,
2155 2756 2234 2818 14

54 2831 327 2909 Tandem,
367 2835 573 2916 inquit,
614 2855 722 2916 par
748 2835 942 2896 animo
978 2853 1113 2894 meo
1139 2834 1469 2914 periculum
1495 2833 1684 2896 video.
1755 2835 1899 2896 Cum
1924 2834 2130 2898 bestiis

55 2918 215 2980 simul
243 2930 303 2981 et
330 2939 460 2981 cum
488 2922 736 3001 egregiis
777 2921 912 2982 viris
943 2937 1041 2980 res
1070 2928 1181 2981 est.
1245 2920 1604 2998 Intuensque
1629 2921 1885 2996 Coenon,
1931 2924 2128 2996 Quum
2150 2927 2232 2987 15

55 3019 173 3082 ego,
217 3006 426 3086 inquit,
470 3007 807 3070 Ptolemaeo
843 3006 1244 3086 Perdiccaque
1269 3016 1328 3068 et
1358 3004 1790 3086 Hephaestione
1815 3010 2129 3072 comitatus

56 3087 105 3148 in
129 3093 354 3153 laevum
389 3093 647 3154 hostium
672 3112 859 3155 cornu
884 3095 1168 3174 impetum
1193 3094 1409 3168 fecero,
1439 3090 1768 3174 viderisque
1794 3114 1889 3156 me
1915 3096 1973 3158 in
2001 3112 2129 3156 me-

56 3175 143 3236 dio
172 3179 385 3238 ardore
408 3179 762 3252 certaminis,
788 3180 916 3259 ipse
945 3181 1211 3242 dextrum
1236 3197 1410 3242 move
1434 3187 1490 3239 et
1511 3181 1752 3242 turbatis
1772 3181 1936 3260 signa
1955 3181 2126 3240 infer.

56 3257 155 3330 Tu,
181 3264 488 3342 AntigEne‚
517 3275 575 3324 et
596 3272 677 3337 tu,
702 3265 1020 3339 Leonnate,
1049 3275 1107 3328 et
1126 3266 1383 3338 Tauron,
1407 3266 1760 3344 invehemini
1783 3267 1844 3326 in
1869 3262 2124 3324 mediam

56 3345 231 3408 aciem
266 3355 323 3409 et
354 3350 638 3428 urgebitis
666 3351 939 3414 frontem.
1002 3351 1216 3412 Hastae
1242 3362 1481 3412 nostrae
1513 3354 1866 3429 praelongae
1903 3355 1958 3405 et
1984 3344 2124 3405 vali·
2147 3348 2228 3412 16

58 3429 158 3490 dae
193 3451 314 3493 non
353 3434 495 3496 alias
530 3435 717 3514 magis
752 3455 923 3514 quam
958 3437 1240 3496 adversus
1274 3437 1478 3496 beluas
1510 3445 1888 3504 rectoresque
1922 3447 2126 3490 earum

59 3517 181 3576 usui
209 3535 341 3578 esse
372 3527 683 3599 poterunt:
726 3521 1033 3582 deturbate
1058 3539 1179 3592 eost,
1224 3519 1325 3596 qui
1350 3520 1658 3588 vehuntur,
1703 3520 1762 3572 et
1784 3512 1946 3587 ipsas
1981 3531 2126 3572 con-

59 3599 255 3664 fodite.
293 3606 528 3686 Anceps
548 3624 737 3684 genus
754 3605 949 3667 auxilii
967 3611 1058 3666 est
1076 3604 1214 3665 etin
1235 3623 1388 3668 suos·
1400 3603 1590 3666 acrius
1609 3597 1764 3659 furit.
1805 3594 1875 3654 ln
1893 3595 2126 3656 hostem

169 3698 380 3745 Curtius.
1755 3689 1820 3742 12
2251 3731 2330 3780 Δ
