2417 3900
547 141 691 205 LIB.
734 142 829 206 Vl.
874 140 1027 220 (tv.)
1100 141 1258 203 CAP.
1303 142 1404 203 111.
1481 138 1732 203 1--18.
2069 140 2159 202 97

106 276 251 321 mus,
300 258 483 320 Parva
510 277 689 339 saepe
713 258 959 321 scintilla
982 266 1324 338 contempta
1355 278 1630 339 magnum
1665 260 1930 320 excitavit
1949 260 2160 323 incen-

105 345 273 405 dium.
316 345 469 406 Nihil
492 354 617 407 tuto
646 344 711 405 in
742 344 917 405 hoste
952 343 1298 421 despicitur:
1327 365 1496 424 quem
1525 346 1839 426 spreveris,
1874 346 2158 410 valentio—

99 448 213 491 rem
238 430 595 511 negligentia
618 429 819 490 facies.
874 428 963 491 Ne
986 428 1211 497 Dareus
1237 430 1468 508 quidem
1495 431 1910 493 hereditarium
1945 432 2156 493 Persa-
2178 432 2258 503 12

95 534 218 575 rum
259 516 486 593 accepit
516 513 852 594 imperium,
900 515 1004 577 sed
1038 514 1100 580 in
1139 516 1342 577 sedem
1381 518 1528 596 Cyri,
1569 516 1858 580 beneflcio
1901 516 2156 594 Bagoae,

96 601 323 662 castrati
350 601 627 674 hominis,
666 600 984 663 admissus:
1010 618 1089 661 ne
1112 619 1222 661 vos
1243 618 1461 679 magno
1490 603 1689 664 labore
1717 603 1970 665 credatis
2007 603 2160 663 Bes·-

93 705 217 745 sum
246 704 491 747 vacuum
518 704 765 764 reguum
790 694 1228 765 occupaturum.
1273 688 1398 749 Nos
1423 706 1562 749 vero
1587 689 1977 766 peccavimuS,
2004 687 2161 750 mili·
2181 692 2264 753 13

91 780 197 843 ωε,
228 771 275 831 si
304 770 552 833 narrum
586 773 662 835 ob
688 771 803 833 hoc
829 772 1089 847 vicimuS,
1126 781 1191 833 ut
1217 792 1389 835 servo
1421 774 1544 835 eius
1575 775 1939 836 traderemus
1968 774 2160 853 impe·-

39 934 41 937 γ
88 856 265 929 rium,
283 858 376 935 qui
397 857 657 919 ultimum
676 876 855 921 ausus
874 858 1067 921 scelus
1086 876 1290 937 regem
1307 878 1504 934 suum,
1527 860 1700 921 etiam
1727 868 2000 921 externae
2021 859 2158 940 opis

39 976 41 981 ·
92 951 373 1019 egentem,
406 950 559 1003 certe
594 943 685 1009 cui
714 962 827 1005 nos
854 944 1105 1006 victores
1135 946 1629 1024 pepercissemus,
1659 944 1825 1025 quasi
1861 946 2156 1026 captivum

88 1020 146 1087 in
173 1028 411 1087 vinculis
431 1028 648 1104 babuit,
673 1029 746 1090 ad
771 1029 1057 1103 ultimum,
1080 1048 1159 1091 ne
1184 1049 1220 1091 a
1244 1032 1416 1093 nobis
1439 1032 1778 1093 conservari
1801 1041 2026 1111 posset,
2050 1050 2158 1093 oc-

90 1112 243 1173 cidit.
288 1113 459 1175 Hunc
483 1134 587 1176 vos
614 1133 865 1193 regnare
887 1116 1208 1195 patiemini,
1233 1136 1410 1195 quem
1439 1119 1712 1196 equidem
1736 1118 1896 1179 cruci
1919 1118 2158 1179 affixum
2177 1120 2259 1180 14

86 1197 279 1259 videre
302 1200 536 1277 festino,
570 1201 849 1264 omnibus
874 1202 1117 1279 regibus
1142 1202 1533 1279 gentibusque
1556 1211 1616 1264 et
1643 1201 1800 1274 fidei,
1834 1218 2008 1279 quam
2030 1200 2160 1261 vio-

87 1283 233 1358 lavit,
270 1285 511 1347 meritas
548 1303 773 1367 poenas
816 1286 1161 1348 solventem.
1219 1286 1294 1347 At
1323 1286 1596 1359 hercule,
1639 1287 1692 1346 si
1730 1303 1865 1348 mox
1903 1285 2158 1350 eundem
2178 1289 2262 1351 15

86 1368 439 1431 Graecorum
464 1370 643 1431 urbes
665 1378 765 1431 aut
774 1370 1222 1449 Hellespontum
1232 1380 1462 1432 vastare
1477 1371 1820 1431 nunciatum
1841 1370 2157 1445 eritvobin,

82 1474 191 1535 quo
238 1456 447 1517 dolore
491 1454 854 1527 efficiemini,
902 1454 1157 1518 Bessum
1202 1456 1463 1533 praemia
1506 1464 1736 1517 vestrae
1777 1456 2158 1535 occupavisse

80 1536 407 1605 victoriae?
468 1540 638 1601 Tunc
676 1539 749 1599 ad
782 1541 1136 1619 repetendas
1166 1558 1268 1625 res
1304 1540 1674 1613 festinabilis,
1701 1550 1848 1602 tunc
1874 1558 2034 1601 arma
2059 1558 2160 1602 ca-

81 1626 274 1705 pietiS.
312 1624 549 1697 Quanto
573 1632 767 1687 autem
788 1633 1069 1705 praestat,
1092 1625 1355 1693 territum
1377 1626 1570 1691 adhuc
1591 1634 1652 1687 et
1669 1627 1760 1687 vix
1779 1626 1991 1688 mentis
2013 1642 2158 1687 suae

80 1718 425 1792 compotem
468 1708 853 1791 opprimere?
912 1711 1220 1787 Quatridui
1256 1712 1429 1779 nobis
1461 1713 1574 1775 iter
1605 1721 1894 1792 superest,
1933 1713 2032 1793 qui
2063 1718 2158 1774 tot
2179 1713 2262 1777 16

76 1794 547 1874 proculcavimus
575 1796 757 1876 nives,
784 1806 875 1860 tot
896 1817 1106 1864 amnes
1138 1799 1565 1878 superavimus,
1595 1806 1682 1861 tot
1705 1799 1992 1861 montium
2014 1799 2156 1878 iuga

74 1882 629 1954 transcucurrimus.
658 1882 788 1945 Non
816 1902 977 1947 mare
997 1884 1162 1960 illud,
1184 1884 1345 1965 quod
1370 1892 1720 1952 exaestuans
1740 1884 1854 1947 iter
1874 1886 2154 1947 fluctibus

80 1976 344 2047 occupat,
383 1979 593 2033 euntes
628 1987 735 2032 nos
770 1980 1049 2048 moratur,
1084 1991 1209 2034 non
1247 1973 1477 2042 Ciliciae
1513 1973 1714 2034 fauces
1747 1981 1808 2034 et
1846 1972 2154 2052 angustiae

76 2052 410 2118 includunt:
439 2056 616 2135 plana
642 2056 839 2118 omnia
874 2065 933 2120 et
968 2077 1155 2136 prona
1183 2067 1342 2120 sunt.
1399 2058 1466 2121 tn
1489 2057 1625 2136 ipso
1652 2057 1852 2120 limine
1873 2059 2154 2118 victoriae
2177 2054 2268 2116 1⁷:

79 2149 316 2200 stamus.
363 2141 544 2202 Pauci
586 2140 757 2202 nobis
789 2141 1011 2220 fugitivi
1051 2152 1109 2203 et
1135 2142 1357 2205 domini
1383 2142 1476 2203 sui
1500 2141 1906 2202 interfectores
1943 2159 2154 2219 super-

82 2231 230 2286 sunt.
288 2224 607 2304 Egregium
642 2226 975 2288 mehercule
1000 2245 1150 2303 opus
1182 2236 1243 2287 et
1271 2226 1428 2287 inter
1457 2225 1644 2303 prima
1671 2225 1888 2302 gloriae
1923 2233 2156 2285 vestrae

79 2309 511 2370 numerandum
532 2309 859 2390 posteritati
880 2312 1185 2388 famaeque
1206 2308 1472 2384 tradem,
1491 2309 1664 2370 Darei
1687 2327 1922 2388 quoque
1945 2309 2156 2382 hostis,
2224 2318 2234 2335 ‘

78 2395 234 2456 finito
264 2401 408 2474 post
428 2403 677 2457 mortem
702 2393 828 2455 eius
850 2395 1007 2466 odio,
1026 2395 1350 2474 parricidas
1374 2412 1506 2464 esse
1528 2413 1631 2456 vos
1655 2395 1832 2466 ulios,
1858 2394 2154 2455 neminem

80 2481 319 2560 impium
348 2479 624 2558 effugisse
646 2485 869 2540 vestras
894 2497 1123 2542 manus.
1166 2481 1296 2542 Hoc
1311 2488 1651 2560 perpetrato
1679 2489 1895 2559 quanto
1919 2480 2154 2543 creditis
2177 2487 2258 2549 18

79 2565 285 2628 Persas
330 2563 828 2646 obsequentiores
868 2567 1016 2640 fore,
1058 2586 1236 2645 quum
1284 2566 1680 2628 intellexerint
1716 2584 1821 2629 vos
1869 2567 1964 2648 pia
2000 2567 2154 2630 belia

80 2653 383 2730 suscipere
411 2663 470 2712 et
496 2651 663 2714 Bessi
688 2651 915 2727 sceleri,
942 2671 1065 2714 non
1090 2653 1313 2717 nomini
1336 2673 1468 2728 suo,
1493 2648 1712 2717 irasci?

203 2740 293 2798 Ca
304 2757 370 2818 p.
398 2736 493 2798 lv,
540 2737 784 2801 Summa
811 2738 1058 2800 militum
1092 2737 1390 2803 alacritate
1426 2739 1770 2813 iubentium,
1800 2757 2152 2819 quocunque
2175 2747 2210 2808 1

80 2821 259 2898 vellet,
297 2824 563 2898 duceret,
595 2823 787 2886 >oratio
816 2833 1059 2903 excepta
1093 2833 1202 2886 est.
1259 2825 1384 2891 Nec
1421 2845 1524 2897 rex
1557 2833 1819 2896 moratus
1849 2824 2210 2905 impetn1m‚2

81 2909 367 2988 tertioque
389 2925 494 2988 per
508 2911 857 2974 Parthienen
881 2910 975 2973 die
994 2911 1067 2972 ad
1087 2911 1238 2972 fines
1255 2911 1580 2992 Hyrcaniae
1601 2920 1888 2993 penetrat,
1907 2913 2151 2976 Cratero

81 2993 276 3057 relicto
306 3011 444 3055 cum
470 2993 539 3058 iis
565 2995 769 3076 copiis,
789 2997 1006 3078 quibus
1026 3006 1318 3077 praeerat,
1347 3006 1405 3061 et
1428 3016 1494 3062 ea
1520 3015 1716 3072 manu,
1737 3015 1912 3078 quam
1933 3001 2152 3078 Amyn·-

84 3085 164 3138 tas
194 3079 469 3154 ducebat,
493 3081 706 3150 additis
732 3083 1025 3147 sexcentis
1051 3083 1345 3163 equitibus
1371 3092 1432 3146 et
1457 3084 1700 3148 totidem
1725 3084 2056 3163 sagittariis,
2084 3090 2152 3143 ut

84 3164 148 3223 ab
174 3163 519 3228 incursione
538 3165 921 3232 barbarorum
944 3169 1298 3250 Parthienen
1317 3179 1600 3234 tueretur.
1643 3170 1934 3252 Erigyium
1959 3167 2209 3244 impe-3

85 3249 341 3310 dimenta
378 3249 609 3316 modico
646 3255 939 3333 praesidio
970 3257 1109 3318 dato
1142 3257 1458 3337 campestri
1484 3257 1690 3322 itinere
1723 3259 1942 3320 ducere
1967 3250 2149 3314 iubet.

84 3333 210 3412 lpse
239 3353 372 3394 cum
398 3335 684 3420 phalange
710 3350 768 3403 et
791 3341 1049 3420 equitatu
1076 3362 1147 3404 cr.
1168 3343 1356 3406 stadia
1381 3363 1658 3406 emensus
1683 3350 1872 3404 castra
1891 3341 1953 3400 in
1983 3334 2148 3410 valle,

88 3439 191 3497 qua
224 3421 569 3500 Hyrcaniam
596 3425 831 3500 adeunt,
864 3428 1201 3491 communit.
1236 3430 1482 3494 Nemus
1517 3428 1791 3509 praealtis
1829 3421 2150 3499 densisque

90 3506 396 3568 arboribus
432 3509 777 3574 umbrosum
810 3518 915 3583 est,
942 3513 1161 3592 pingue
1189 3514 1354 3576 vallis
1385 3515 1578 3576 solum
1611 3507 1935 3592 rigantibus
1961 3503 2148 3586 aquis,

94 3609 239 3732 quag
266 3611 339 3656 ex
373 3594 558 3676 petris
587 3595 1028 3664 imminentibus
1056 3607 1318 3665 manant.
1359 3600 1446 3664 Ex
1478 3598 1622 3678 ipsis
1651 3591 1953 3744 r⁷adicibun
1975 3596 2212 3660 mon-4

236 3692 397 3740 ..ru-2..
