2417 3900
195 122 238 178 4
404 57 427 162 ⁸-
639 115 738 176 DE
778 112 1040 174 GESTIS
1085 108 1518 172 ALEXANDRI
1563 107 1807 170 MAG-NI

142 239 180 298 ὅ
201 238 477 300 Ceterum
510 251 685 312 quam
723 231 825 293 diu
851 231 1007 292 intra
1041 247 1247 290 muros
1278 228 1421 303 fluit,
1467 247 1687 290 nomen
1718 245 1893 289 suum
1928 223 2179 287 retinet:
2234 231 2303 285 at
2416 244 2417 249 ¹

202 339 385 403 quum
422 329 590 382 extra
621 317 988 380 munimenta
1023 334 1091 400 se
1125 315 1365 390 evolvit,
1402 315 1625 402 maiore
1651 315 1707 375 vi
1725 319 1795 374 ac
1820 313 1976 374 mole
2002 318 2303 406 agentem

141 409 183 469 6
203 407 394 471 undas
423 405 643 486 Lycum
679 403 997 484 appellant.
1075 401 1414 462 Alexander
1436 401 1673 482 quidem
1699 400 1907 462 urbem
1938 399 2301 460 destitutam

201 511 238 554 a
278 493 404 554 suis
450 493 660 564 intrat,
710 505 907 552 arcem
947 505 1115 562 vere,
1153 487 1219 549 in
1254 507 1429 570 quam
1466 489 1883 566 confugerant,
1929 499 2299 564 oppugnare
2410 569 2417 577 ἱ

194 579 450 658 ,ειᾱοτιιιε
477 577 925 639 caduceatorem
947 573 1282 655 praemisit,
1315 575 1415 652 qui
1438 573 1842 646 denunciaret,
1886 571 1947 633 ni
1971 568 2299 642 dederent,

144 661 186 724 ⁷
201 665 368 746 ipsos
405 661 610 724 ultima
648 679 784 724 esse
826 679 1132 742 passuros·
1208 659 1299 723 Illi
1344 660 1795 722 caduceatorem
1836 657 1899 719 in
1944 665 2177 718 turrem
2232 663 2300 716 et

204 751 323 814 situ
356 755 416 810 et
439 766 622 829 opere
644 749 893 810 multum
921 746 1138 808 editam
1159 739 1513 826 perductum
1528 792 1544 820 ,
1590 753 1808 824 quanta
1836 751 1995 805 esset
2016 741 2295 814 altitudo,

201 833 421 897 intueri
463 834 672 896 iubent
715 853 786 894 ac
821 833 1106 896 nunciare
1145 831 1513 904 Alexandro,
1562 850 1715 893 non*
1736 830 1947 914 eadem
1980 829 2182 908 ipsum
2233 835 2299 888 et

203 918 432 982 incolas
473 919 877 981 aestimatione
914 917 1279 980 munimenta
1325 916 1548 978 metiri:
1608 936 1675 980 se
1720 916 1873 978 scire
1914 915 2333 993 inexpugna-‘

147 1004 356 1070 Sbiles
379 1023 552 1081 esse;
585 1006 664 1067 ad
692 1004 959 1066 ultimum
984 1022 1094 1085 pro
1114 1004 1237 1064 fide
1260 1004 1597 1066 morituros.
1643 1004 1916 1066 Ceterum
1940 1009 2005 1064 ut
2032 1001 2293 1062 circum-

207 1091 394 1167 sideri
415 1107 610 1152 arcem
640 1099 700 1152 et
727 1089 924 1153 omnia
949 1089 1063 1152 sibi
1087 1089 1151 1150 in
1183 1089 1310 1152 dies
1346 1089 1571 1152 artiora
1606 1107 1741 1152 esse
1774 1088 2067 1160 viderunt,
2112 1103 2295 1147 sexa-

208 1177 371 1257 ginta
394 1177 626 1240 dierum
647 1175 921 1247 inducias
937 1176 1121 1256 pacti,
1165 1185 1257 1251 ut,
1308 1175 1423 1238 nisi
1444 1176 1600 1238 intra
1624 1195 1730 1238 eos
1755 1173 2037 1238 auxilium
2060 1173 2293 1234 Dareus

204 1261 354 1342 ipsis
373 1263 662 1338 misisset,
705 1263 992 1325 dederent
1017 1263 1261 1324 urbem:
1304 1271 1622 1343 postquam
1654 1261 1800 1324 nihil
1831 1261 1972 1323 inde
2006 1258 2295 1341 praesidii

147 1344 569 1422 9mittebatur‚
612 1349 688 1410 ad
721 1348 1129 1430 praestitutam
1165 1349 1323 1410 diem
1368 1348 1697 1430 permisere
1748 1367 1815 1410 se
1854 1345 1999 1426 regi.
2062 1347 2292 1426 Super-

205 1432 456 1496 veniunt
499 1433 713 1496 deinde
760 1435 937 1516 legati
983 1435 1429 1500 Atheniensium
1478 1443 1778 1515 petentes,
1824 1441 1891 1496 ut
1926 1431 2083 1514 capti
2128 1431 2294 1512 apud

207 1517 529 1582 Granicum
575 1537 810 1583 amnem
846 1522 1243 1584 redderentur
1276 1522 1409 1584 sibi.
1470 1522 1575 1584 llle
1612 1539 1735 1582 non
1771 1521 1884 1580 hos
1920 1519 2127 1591 modo,
2172 1517 2292 1578 ¹sed

207 1605 390 1667 etiam
427 1614 658 1668 ceteros
695 1605 955 1668 Graecos
995 1607 1227 1670 restitui
1271 1608 1396 1668 suis
1432 1605 1735 1668 iussurum
1770 1605 2083 1685 respondit
2120 1603 2291 1665 finito

109 1770 190 1834 10
206 1689 830 1836 1)er3322}:11:31ss‘Dareo
855 1773 1186 1848 imminenS,
1230 1793 1410 1854 quem
1434 1771 1703 1837 nondum
1732 1775 2075 1856 Euphraten
2107 1791 2289 1854 supe·

207 1859 774 1938 rassecogneverat,
807 1857 1070 1937 undique
1091 1877 1302 1920 omnes
1327 1859 1529 1940 copias
1560 1861 1873 1936 contrahit,
1904 1860 2043 1922 totis
2066 1859 2288 1922 viribus

107 1941 188 2005 11
208 1944 358 2008 tanti
389 1945 532 2009 belli
555 1944 872 2008 discrimen
889 1945 1187 2009 aditurus·
1256 1945 1509 2027 Phrygia
1548 1957 1700 2022 erat,
1743 1967 1853 2028 per
1886 1964 2066 2029 quam
2104 1946 2287 2019 duce-

107 2028 189 2090 12
209 2030 386 2095 batur
411 2032 732 2107 exercituS‚
783 2030 1050 2112 pluribus
1086 2032 1229 2094 vicis
1256 2050 1434 2111 quam
1466 2033 1713 2095 urbibus
1749 2035 2052 2113 frequenS.
2120 2033 2289 2097 Tunc

206 2116 470 2179 habebat
525 2118 784 2180 nobilem
833 2120 1133 2196 quondam
1171 2117 1367 2180 Midae
1410 2119 1666 2199 regiamt
1730 2118 2021 2182 Gordium
2064 2138 2288 2183 nomen

209 2210 303 2265 est
331 2203 484 2277 urbi,
537 2208 713 2284 quam
741 2204 1062 2282 Sangarius
1089 2203 1278 2277 amnis
1295 2204 1596 2280 interfluit,
1636 2204 1765 2284 pari
1788 2202 2100 2267 intervallo
2125 2206 2289 2267 Pon-

106 2282 188 2347 13
207 2284 327 2351 tice
354 2297 414 2352 et
441 2288 638 2352 Cilicio
665 2289 816 2361 mari
841 2291 1179 2353 distantem.
1234 2291 1396 2353 Inter
1423 2292 1570 2353 haec
1594 2289 1779 2355 maria
1805 2291 2285 2371 angustissimum

204 2374 380 2436 Asiae
409 2376 664 2456 spatium
692 2394 827 2438 esse
856 2377 1282 2457 comperimuS‚
1322 2388 1575 2459 utroque
1610 2377 1675 2439 in
1704 2387 1862 2441 artas
1889 2380 2089 2439 fauces
2116 2396 2281 2439 com-

204 2461 468 2539 pellente
489 2469 730 2523 terram.
787 2463 951 2534 Quae
973 2463 1112 2541 quia
1138 2463 1464 2527 continenti
1490 2464 1803 2538 adhaeret,
1844 2464 1952 2524 sed
1977 2481 2187 2541 magna
2210 2482 2284 2527 ex

204 2553 376 2624 parte
401 2544 656 2624 cingitur
671 2545 966 2619 fluctibus,
995 2546 1251 2625 speciem
1270 2546 1499 2609 insulae
1522 2547 1793 2628 praebet,
1840 2566 1927 2621 ac,
1966 2548 2081 2609 nisi
2106 2556 2281 2612 tenue

208 2629 527 2692 discrimen
567 2630 896 2704 obiiceret,
933 2632 1142 2705 maria,
1188 2650 1341 2711 quae
1386 2649 1549 2696 nunc
1590 2632 1823 2707 dividit,
1877 2634 2279 2708 committeret.-

104 2715 190 2779 14
206 2714 540 2777 Alexander
566 2717 714 2778 urbe
734 2716 798 2777 in
829 2716 1115 2779 ditionem
1139 2735 1309 2788 suam
1332 2720 1573 2793 redacta
1592 2720 2063 2801 lovisztemplum
2086 2720 2277 2785 intrat.

205 2799 571 2876 Vehiculum,
600 2821 718 2882 quo
752 2800 1035 2864 Gordium
1061 2801 1255 2865 Midae
1278 2816 1510 2884 patrem
1536 2815 1767 2867 vectum
1796 2822 1931 2869 esse
1950 2807 2275 2885 constabat,
2313 2776 2417 2879 „J

205 2887 432 2966 aspexit
463 2888 621 2951 cultu
653 2888 815 2951 haud
851 2906 998 2949 sane
1023 2907 1058 2949 a
1079 2889 1383 2953 vilioribus
1406 2892 1775 2971 vulgatisque
1794 2911 1907 2954 usu
1934 2893 2274 2958 abhorrens.

100 2970 186 3033 15
204 2970 476 3034 Notabile
504 2982 628 3035 erat
653 2974 857 3053 iugum
885 2974 1188 3037 astrictum
1207 2978 1611 3056 compluribus
1630 2979 1803 3039 nodis
1822 2978 1885 3041 in
1908 2988 2098 3041 semet
2116 2980 2274 3059 ipsos

101 3053 186 3119 16
203 3056 519 3135 implicatis
561 3068 623 3121 et
673 3060 998 3122 celantibus
1035 3080 1257 3123 nexus..
1305 3064 1523 3125 Incolis
1568 3063 1785 3128 deinde
1832 3066 2272 3144 affirmantibus

205 3142 426 3205 editam
449 3161 584 3205 esse
609 3146 846 3208 oraculo
873 3154 1117 3220 sortem,
1162 3147 1334 3209 Asiae
1360 3150 1705 3229 potiturum,
1746 3150 1845 3229 qui
1872 3152 2270 3231 inexplicabile

203 3228 502 3291 vinculum
519 3232 814 3308 solvisset,
843 3231 1059 3312 cupido
1079 3232 1323 3297 incessit
1346 3236 1547 3302 animo
1572 3236 1751 3300 sortis
1774 3238 1903 3299 eius
1927 3238 2269 3318 implendae.

1 3299 3 3396 ξ
98 3310 188 3375 17
209 3314 376 3377 Circa
415 3334 619 3397 regem
658 3323 784 3381 er'at
826 3327 886 3380 et
923 3320 1218 3399 Phrygum
1262 3322 1437 3385 turba
1478 3332 1537 3385 et
1573 3324 1992 3397 Macedonum,
2036 3326 2132 3387 illa
2174 3344 2265 3387 ex·-

0 3397 6 3525 ,ἰ

203 3403 571 3481 spectatione
597 3424 916 3487 suspensa,
948 3406 1097 3469 haec
1116 3408 1370 3470 ‘sollicita
1404 3426 1475 3471 ex
1510 3410 1823 3473 temeraria
1846 3412 2005 3489 regis
2030 3411 2264 3473 fiducia:

203 3486 428 3569 m*iope
454 3490 606 3553 serie
629 3492 998 3555 vinculorum
1026 3493 1107 3554 ita
1139 3494 1397 3569 astricta,
1445 3504 1528 3571 ut,
1574 3497 1736 3561 unde
1772 3515 1958 3559 nexus
1989 3497 2263 3576 inciperet

371 3594 398 3636 a
423 3594 488 3638 se
517 3578 815 3655 conderet,
843 3598 956 3642 nec
973 3580 1202 3643 ratione
1224 3601 1339 3645 nec
1363 3582 1493 3646 visu
1514 3583 1773 3665 perspici
1798 3592 2024 3665 posset,
2048 3586 2259 3645 solvere
