2417 3900
547 126 689 188 LIB.
733 127 827 188 IV.
873 125 1004 206 (ΙΙ.)
1073 125 1234 188 CAP.
1277 126 1426 188 XIV.
1500 125 1746 188 1—-11,
2092 125 2171 186 59

133 241 478 307 tereuntibus
515 252 736 324 raptaS,
772 243 1032 322 ingentia
1064 243 1192 322 spei
1230 244 1563 326 gloriaeque
1594 247 1985 321 incitamenta,
2021 247 2177 307 refe-

128 327 300 388 rebat.
382 330 804 409 Reprehensos
840 347 917 390 ex
956 330 1092 406 fuga
1125 329 1337 390 Persas
1371 340 1758 411 pugnaturoS,
1804 331 1941 413 quia
1972 333 2239 411 sugerem

127 431 240 474 non
274 424 542 493 possent.
597 414 862 475 Tertium
904 413 1021 474 iam
1055 412 1209 474 diem
1243 425 1401 478 metu
1434 436 1794 498 exsangues,
1843 416 2021 478 armis
2056 418 2178 480 suis

127 507 412 574 oneratos,
451 501 515 562 in
555 501 769 561 eodem
806 499 1048 580 vestigio
1074 499 1340 563 haerere.
1386 503 1620 566 Nullum
1646 502 2077 584 desperationis
2110 503 2182 568 il-

122 586 310 646 lorum
332 586 521 648 maius
543 585 822 648 indicium
848 604 997 660 esse,
1039 603 1217 666 quam
1238 589 1395 666 quod
1423 591 1622 664 urbes,
1655 591 1813 671 quod
1840 607 2017 670 agros
2044 607 2184 650 suos

124 680 387 744 urerent,
437 672 718 752 quidquid
761 689 883 734 non
932 671 1365 752 corrupissent,
1418 675 1677 737 hostium
1726 694 1859 736 esse
1905 673 2185 737 confessi.

121 755 372 818 Nomina
395 759 574 819 modo
605 775 752 819 vana
781 758 1038 837 gentium
1071 757 1410 857 ignotarum
1441 780 1517 822 ne
1555 762 2017 824 extimescerent.
2062 761 2184 822 Ne·
2202 765 2245 828 3

125 861 239 921 que
263 843 416 904 enim
443 845 518 906 ad
538 844 676 906 belli
698 844 1010 906 discrimen
1035 845 1353 924 pertinere,
1386 847 1488 926 qui
1514 847 1589 908 ab
1614 847 1710 910 his
1737 847 1985 927 Scythae
2012 847 2185 927 quive

125 928 353 989 Cadusii
377 930 823 1011 appellarentur.
869 931 961 993 Ob
981 930 1281 1011 idipsum,
1308 933 1470 1013 quod
1492 933 1678 1012 ignoti
1704 942 1922 1010 essent,
1947 932 2186 1014 ignobi-

119 1013 202 1076 les
231 1032 380 1076 esse.
461 1017 768 1098 Nunquam
804 1017 1064 1096 ignorari
1087 1017 1245 1079 viros
1274 1020 1486 1081 fortes:
1524 1028 1584 1081 at
1607 1019 1896 1094 imbelles,
1932 1039 2003 1080 ex
2036 1021 2249 1085 late-4

117 1099 238 1162 bris
265 1100 386 1162 Suis
423 1111 641 1177 erutos,
681 1103 828 1164 nihil
860 1111 1099 1184 praeter
1131 1105 1373 1182 nomina
1405 1107 1633 1167 afferre.
1680 1105 2037 1168 Macedones
2063 1104 2185 1164 vir—

116 1193 238 1248 tute
271 1197 640 1266 assequutoS,
681 1209 758 1250 ne
791 1191 926 1268 quis
964 1197 1090 1251 toto
1133 1191 1279 1252 orbe
1309 1192 1475 1252 locus
1501 1198 1679 1263 esset,
1719 1191 1818 1270 qui
1852 1191 1999 1251 tales
2029 1188 2187 1250 viros

116 1271 428 1351 ignoraret.
473 1331 483 1338 ,
513 1275 896 1337 Intuerentur
918 1275 1305 1335 barbarorum
1330 1276 1698 1336 inconditum
1725 1293 1965 1352 agmen:
2006 1273 2186 1334 alium
2208 1287 2246 1348 5

117 1358 256 1421 nihil
283 1369 518 1441 praeter
540 1360 800 1421 iaculum
833 1360 1075 1432 habere,
1110 1359 1289 1420 alium
1320 1361 1503 1421 funda
1537 1376 1675 1420 saxa
1710 1361 1945 1434 librare,
1985 1359 2189 1438 paucis

115 1445 264 1507 iusta
287 1463 452 1507 arma
478 1463 634 1506 esse.
678 1444 883 1523 Itaque
915 1443 1074 1504 illinc
1105 1445 1310 1522 plures
1337 1452 1515 1516 stare,
1553 1444 1692 1504 hinc
1716 1446 1918 1524 plures
1950 1443 2193 1506 dimica-

38 1561 42 1572 ·
115 1541 302 1593 turos,
389 1529 515 1591 Nec
548 1529 850 1610 postulare
885 1547 969 1603 se,
1016 1538 1080 1591 ut
1111 1529 1341 1590 fortiter
1372 1538 1751 1610 capesserent
1784 1529 2095 1611 proelium,
2131 1529 2255 1603 nir)

113 1617 245 1696 ipse
273 1616 488 1678 ceteris
515 1614 875 1678 fortitudinis
902 1616 1114 1677 fuisset
1141 1616 1501 1695 exemplum.
1549 1615 1627 1677 Se
1652 1627 1787 1678 ante
1810 1617 2001 1696 prima
2026 1615 2195 1698 Signa

117 1703 546 1764 dimicaturum.
585 1701 903 1784 'Spondere
932 1720 1042 1781 pro
1075 1720 1144 1762 se
1177 1708 1267 1762 tot
1294 1701 1609 1777 cicatriceS,
1652 1703 1896 1766 totidem
1928 1701 2196 1782 corporis

117 1788 366 1850 decora:
403 1788 554 1850 scire
589 1789 774 1868 ipsoS,
813 1807 997 1850 unum
1029 1806 1221 1868 paene
1258 1807 1322 1849 se
1346 1791 1603 1868 praedae
1630 1789 1958 1852 communis
1988 1807 2197 1851 exsor-

113 1883 232 1938 tem
277 1874 340 1936 in
387 1875 500 1936 illis
537 1874 802 1940 colendis
845 1874 1245 1956 ornandisque
1284 1893 1569 1957 usurpare
1602 1876 1877 1939 victoriae
1912 1874 2195 1957 praemia.

117 1960 274 2023 Haec
307 1980 374 2023 se
413 1963 666 2025 fortibus
692 1961 832 2023 viris
875 1963 1088 2047 dicere.
1138 1962 1201 2023 Si
1245 1964 1344 2041 qui
1380 1963 1695 2025 dissimiles
1732 1982 1938 2027 eorum
1972 1967 2259 2035 essent,7

115 2048 210 2110 illa
247 2047 436 2111 fuisse
463 2048 791 2111 dicturum:
826 2049 1169 2128 pervenisse
1197 2066 1290 2122 eo,
1329 2050 1486 2110 unde
1526 2053 1730 2127 fugere
1768 2068 1893 2109 non
1929 2055 2199 2126 possent.

118 2134 228 2196 Tot
268 2143 562 2196 terrarum
607 2134 796 2231 spatia
839 2135 1115 2208 emensiS,
1171 2141 1261 2193 tot
1296 2134 1566 2195 amnibus
1600 2133 2023 2210 montibusque
2062 2138 2203 2210 post

116 2229 342 2301 tergum
367 2220 620 2281 obiectis
641 2220 754 2279 iter
774 2220 835 2279 in
859 2218 1108 2298 patriam
1132 2227 1192 2277 et
1216 2229 1461 2296 penates
1487 2237 1668 2279 manu
1695 2235 1827 2277 esse
1848 2216 2203 2277 faciendum.

243 2307 346 2369 Sic
387 2306 597 2377 duceS,
639 2304 727 2365 Sic
759 2304 1009 2382 proximi
1049 2302 1297 2362 militum
1340 2302 1601 2363 instincti
1638 2310 1793 2361 sunt.
1880 2300 2105 2375 Dareus
2139 2298 2265 2365 in8

119 2392 280 2455 laevo
311 2410 508 2455 cornu
536 2398 677 2462 erat,
721 2406 938 2467 magno
965 2406 1211 2449 suorum
1237 2386 1487 2465 agmine,
1533 2386 1775 2449 delectis
1806 2385 2068 2464 equitum
2096 2402 2205 2465 pe-

123 2479 430 2559 ditumque
455 2476 738 2557 stipatus:
779 2481 1331 2553 contempseratque
1366 2472 1717 2551 paucitatem
1742 2471 1951 2545 hostis,
1993 2488 2205 2534 vanam

123 2565 306 2627 aciem
329 2582 472 2627 csse
497 2560 748 2625 extentis
771 2559 1051 2623 cornibus
1076 2568 1259 2620 ratuS.
1347 2559 1639 2631 Ceterum,
1682 2558 1832 2620 sicut
1859 2577 2033 2620 curru
2056 2557 2203 2621 emi-
2222 2563 2261 2624 9

122 2651 318 2726 nebat,
359 2652 570 2713 dextra
595 2649 878 2725 laevaque
908 2647 983 2708 ad
1011 2645 1444 2707 circumstantia
1472 2646 1703 2725 agmina
1730 2646 1933 2708 oculos
1960 2664 2204 2708 manus-

125 2755 240 2817 que
265 2737 717 2809 circumferenS,
755 2734 1090 2807 Terrarum,
1130 2730 1337 2811 inquit,
1378 2750 1522 2811 quas
1554 2750 1815 2795 oceanus
1850 2732 1990 2793 hinc
2020 2731 2200 2804 alluit,

124 2822 281 2885 illinc
299 2821 524 2885 claudit
541 2821 982 2900 HellespontuS‚
1002 2818 1198 2898 paullo
1221 2825 1355 2877 ante
1378 2817 1618 2891 domini,
1639 2817 1752 2878 iam
1769 2834 1888 2879 non
1913 2818 1987 2878 de
2000 2819 2203 2895 gloria,

131 2910 233 2970 sed
259 2910 336 2971 de
365 2911 556 2978 salute
585 2916 659 2982 et,
699 2907 860 3006 quod
895 2904 1066 2967 saluti
1093 2904 1483 2985 praeponitiS,
1520 2905 1592 2966 de
1629 2882 1896 2965 libertate
1932 2922 2206 2984 pugnan-

131 2995 268 3057 dum
309 3006 422 3057 est.
469 2994 576 3055 Hic
611 2954 738 3056 dies
773 2992 1104 3073 imperium,
1146 3009 1261 3070 quo
1298 2990 1521 3052 nullum
1561 2991 1807 3089 amplius
1843 2990 1983 3051 vidit
2020 3000 2203 3062 aetaS‚

133 3089 232 3143 aut
257 3081 582 3143 constituet
603 3088 704 3142 aut
723 3079 907 3141 finiet.
994 3078 1164 3157 Apud
1195 3076 1513 3138 Granicum
1540 3076 1777 3138 minima
1803 3076 2008 3139 virium
2036 3084 2203 3155 parte
2226 3080 2307 3143 10

133 3185 266 3229 cum
291 3168 468 3230 hoste
489 3166 865 3229 certavimus:
906 3164 966 3225 in
993 3163 1187 3227 Cilicia
1219 3161 1405 3225 victos
1434 3160 1600 3242 Syria
1630 3171 1860 3243 poterat
1898 3163 2203 3239 excipere:

133 3271 349 3333 magna
383 3252 749 3314 munimenta
787 3250 956 3331 regni
982 3250 1172 3331 Tigris
1199 3258 1377 3330 atque
1413 3249 1740 3327 Euphrates
1778 3256 1963 3332 erant.
2048 3244 2207 3302 Ven-
2226 3252 2305 3315 11

133 3345 258 3399 tum
285 3348 380 3400 est
404 3356 494 3409 eo,
534 3328 691 3399 unde
715 3337 902 3417 pulsis
930 3354 1006 3398 ne
1039 3338 1211 3416 fugae
1241 3336 1477 3415 quidem
1503 3336 1670 3397 locus
1698 3342 1807 3395 est.
1855 3326 2062 3392 Omnia
2085 3333 2209 3389 tam

138 3423 366 3487 diutino
392 3424 548 3485 bello
569 3424 847 3485 exhausta
861 3430 998 3503 post
1018 3431 1245 3501 tergum
1268 3430 1434 3483 sunt:
1457 3439 1579 3482 non
1600 3419 1823 3482 incolas
1846 3431 1987 3476 suos
2006 3410 2209 3487 urbess,

137 3526 262 3571 non
289 3510 550 3573 cultores
575 3508 801 3571 habent
821 3517 1032 3571 terrae.
1077 3508 1369 3585 Coniuges
1404 3522 1648 3601 quoque
1666 3513 1723 3564 et
1756 3496 1925 3561 liberi
1945 3514 2211 3574 sequun-

139 3602 236 3657 tur
281 3596 442 3659 hanc
482 3586 701 3671 aciem,
747 3602 950 3675 parata
983 3593 1257 3653 hostibus
1293 3592 1546 3670 praeda,
1588 3586 1701 3648 nisi
1741 3602 1852 3663 pro
1893 3580 2212 3645 carissimis
