2417 3900
327 97 332 104 ’
434 117 448 130 “
517 118 532 134 ··
568 119 712 180 me.
753 119 1012 197 iv.(11.)
1061 119 1220 181 cAP.
1262 119 1361 180 xi.
1406 117 1656 182 4-24.
2068 120 2151 180 53

74 235 415 316 respondit:
437 237 490 297 N
493 238 722 299 unciate
739 238 929 301 Dareo
955 235 1295 314 [gratiarum
1316 236 1607 298 actionem
1625 239 1779 320 apud
1798 239 2031 300 hostem
2048 259 2145 301 su·-
2184 235 2191 242 ’

71 340 501 407 pervacaneam
533 343 668 386 esse
696 325 774 400 et]
803 342 923 398 me,
951 340 1101 401 quae
1127 322 1361 384 fecerim
1388 325 1709 388 clementer
1734 333 1793 385 et
1816 325 2152 401 liberaliter,

69 429 196 470 non
221 408 510 472 amicitiae
532 409 661 471 eius
683 409 986 481 tribuisse,
1014 408 1119 468 sed
1143 417 1384 470 naturae
1406 429 1571 472 meae
1594 413 1729 490 [nec
1748 411 2031 472 adversus
2059 431 2155 474 ca·-

68 495 389 568 lamitateS‚
418 495 526 556 sed
546 496 828 558 adversus
845 493 1104 556 hostium
1133 493 1286 556 vires
1318 499 1717 577 contendere].
1760 499 1989 558 Bellum
2020 517 2149 559 cum
2176 499 2257 559 17

70 581 317 661 captivis
343 583 404 642 et
426 581 661 642 feminis
694 600 900 660 gerere
927 600 1048 642 non
1074 582 1271 642 soleo:
1305 591 1563 644 armatus
1590 586 1667 646 sit
1690 592 1943 666 oportet,
1984 601 2157 662 quem

67 668 328 728 oderim.
377 667 608 739 Quodsi
623 669 828 729 saltem
840 686 1042 748 pacem
1055 668 1215 728 bon'a
1235 668 1353 728 fide
1365 676 1608 748 peteret,
1632 673 2017 732 deliberarem
2038 669 2160 731 for—
2186 669 2263 729 18

66 753 252 827 sitan,
279 771 355 813 an
383 753 606 816 darem.
651 755 863 816 Verum
887 754 1040 816 enim
1060 773 1221 828 vero,
1248 774 1431 834 quum
1456 757 1635 818 modo
1656 757 1871 818 milites
1897 775 2067 816 meos
2090 757 2161 820 li—

62 839 224 900 teris
250 839 324 899 ad
347 840 760 918 proditionem,
788 841 964 904 modo
989 841 1210 903 amicos
1232 843 1309 902 ad
1338 842 1663 920 perniciem
1687 861 1881 904 meam
1906 844 2157 921 pecunia

63 924 368 999 sollicitet,
397 927 470 986 ad
489 925 952 1006 internecionem
971 927 1116 990 mihi
1135 929 1583 1008 persequendus
1606 941 1712 1004 est,
1742 949 1862 991 non
1886 939 1945 990 ut
1966 929 2157 992 iustus

59 1010 285 1085 hostis,
313 1011 420 1072 sed
439 1021 504 1074 ut
525 1033 846 1093 percussor
866 1016 1180 1077 veneficus..
1229 1015 1613 1083 Conditiones
1638 1035 1778 1078 vero
1805 1014 1987 1096 pacis,
2014 1033 2159 1094 quas
2188 1014 2263 1074 19

63 1096 262 1171 sertis,
297 1097 346 1158 si
377 1116 682 1180 accepero,
719 1101 1002 1162 victorem
1021 1119 1155 1162 eum
1181 1102 1415 1166 faciunt.
1474 1103 1642 1174 Quae
1664 1110 1801 1181 post
1822 1103 2163 1178 Euphraten

67 1191 236 1257 sunt,
262 1183 584 1249 liberaliter
603 1187 805 1248 donat.
837 1187 965 1260 ‚Ubi
981 1186 1156 1264 igitur
1175 1206 1274 1248 me
1294 1185 1597 1250 affamini?
1630 1206 1853 1264 nempe.
1870 1188 2018 1246 ultra
2041 1180 2164 1246 Eu·-

67 1273 332 1351 phraten
363 1290 519 1332 sum.
583 1273 894 1334 Summum
920 1291 1062 1349 ergo
1091 1273 1265 1346 dotis,
1301 1291 1473 1352 quam
1510 1272 1815 1352 promittit,
1852 1271 2167 1334 terminum

67 1363 270 1418 castra
291 1375 424 1417 mea
442 1366 774 1418 transeunt.
817 1357 970 1416 Hinc
989 1375 1086 1418 me
1106 1358 1397 1436 depellite,
1426 1366 1489 1420 ut
1510 1357 1713 1431 sciam,
1733 1365 1993 1417 vestrum
2014 1375 2165 1430 esse,

66 1442 240 1524 quod
275 1441 508 1504 ceditiS.
565 1442 790 1504 Eadem
813 1441 1158 1502 liberalitate
1191 1443 1291 1502 dat
1324 1442 1465 1502 mihi
1503 1443 1683 1505 filiam
1716 1461 1911 1504 suam:
1954 1461 2168 1523 nempe
2188 1439 2271 1500 20

66 1547 261 1609 quam
275 1528 400 1588 scio
413 1527 585 1589 alicui
599 1545 904 1600 servorum
924 1527 1048 1590 eius
1059 1536 1401 1606 nupturam.
1428 1527 1673 1590 Multum
1687 1547 1827 1588 vero
1839 1527 1980 1588 mihi
1996 1547 2171 1608 prae·-

65 1625 218 1688 stat‚
245 1612 299 1674 si
317 1631 414 1674 me
431 1611 674 1675 Mazaeo
697 1631 984 1692 generum
999 1613 1329 1693 praeponit.
1383 1614 1487 1690 lte,
1513 1615 1789 1676 nunciate
1806 1614 1932 1693 regi
1948 1623 2169 1686 vestro,
2183 1611 2269 1673 *21

66 1711 135 1763 et
172 1717 331 1778 quae
360 1699 567 1774 amisit,
597 1707 654 1760 et
678 1719 828 1781 quae
855 1701 1050 1762 adhuc
1073 1701 1269 1775 habet,
1294 1701 1558 1780 praemia
1586 1721 1717 1764 esse
1746 1702 1907 1762 belli:
1934 1701 2051 1763 hoc
2073 1719 2170 1761 re-

63 1793 268 1868 gente
300 1783 606 1866 utriusque
635 1788 922 1850 terminos
960 1787 1126 1865 regn-i
1169 1787 1229 1848 id
1268 1804 1565 1868 quemque
1599 1789 1959 1864 habiturum,
2008 1788 2169 1868 quod

62 1869 395 1957 proximae
426 1872 574 1934 lucis
599 1873 966 1953 assignatura
998 1875 1233 1936 fortuna
1260 1881 1369 1936 est.
1458 1875 1551 1954 [Et
1588 1875 1783 1938 mein
1808 1875 2005 1938 Asiam
2046 1891 2168 1935 non
2189 1870 2271 1932 ⁶29.

66 1958 344 2032 venisse,
369 1966 436 2020 ut
457 1959 528 2021 ab
559 1960 683 2022 aliis
710 1962 1056 2041 acciperem,
1085 1962 1194 2023 sed
1226 1972 1291 2023 ut
1315 1962 1442 2023 aliis
1468 1964 1694 2025 darem.
1776 1963 1841 2024 Si
1864 1962 2167 2023 secundus

70 2056 136 2109 et
161 2063 289 2107 non
315 2061 424 2123 par
449 2046 590 2107 mihi
616 2048 791 2109 vellet
815 2046 1038 2121 haberi,
1065 2048 1317 2109 facerem
1345 2049 1611 2122 Forsitan,
1640 2066 1793 2127 quae
1822 2048 1989 2127 petit.
2060 2049 2185 2107 Ge·-

69 2144 284 2196 terum
309 2150 420 2193 nec
447 2133 705 2195 mundus
731 2134 966 2194 duobus
997 2134 1222 2195 solibus
1247 2142 1449 2212 potest
1474 2135 1617 2213 regi,
1656 2152 1771 2193 nec
1796 2134 1913 2194 duo
1938 2148 2171 2192 summa

71 2235 269 2297 regna
295 2218 454 2279 salvo
488 2227 643 2281 statu
666 2224 1176 2297 terrarum'potest
1195 2219 1441 2279 habere.
1504 2218 1765 2280 Proinde
1790 2227 1891 2278 aut
1914 2215 2171 2275 deditio-
2191 2212 2275 2275 23

75 2323 226 2368 nem
253 2302 434 2364 hodie
457 2313 556 2364 aut
577 2304 640 2363 in
665 2303 981 2365 crastinum
1009 2304 1229 2366 bellum
1249 2312 1438 2381 paret,
1482 2321 1597 2363 nec
1621 2302 1792 2361 aliam
1816 2302 1948 2373 sibi,
1994 2317 2171 2379 quam

79 2397 370 2469 expertus
399 2396 508 2462 est,
555 2388 900 2469 polliceatur
931 2388 1271 2465 fortunam]
1332 2387 1535 2465 Legati
1557 2387 1941 2465 respondent,
1987 2405 2170 2465 quum
2194 2383 2277 2447 2⁴

79 2476 312 2540 bellum
338 2474 402 2535 in
427 2475 622 2535 animo
649 2475 742 2549 sit,
769 2476 962 2535 facere
987 2493 1122 2536 eum
1147 2474 1505 2553 simpliciter,
1531 2475 1691 2555 quod
1720 2492 1827 2553 spe
1852 2472 2019 2553 pacis
2044 2491 2169 2536 non

80 2566 495 2625 frustraretur.
580 2562 751 2641 lpsos
775 2570 994 2640 petere,
1021 2569 1086 2622 ut
1109 2579 1285 2639 quam
1308 2560 1563 2639 primum
1594 2560 1957 2622 dimittantur
1982 2561 2055 2621 ad
2076 2579 2173 2622 re-

85 2647 260 2729 gem:
311 2666 446 2707 eum
490 2666 727 2727 quoque
769 2648 987 2709 bellum
1027 2665 1237 2727 parare
1273 2646 1509 2709 debere.
1595 2647 1830 2709 Dimissi
1870 2647 2173 2725 nunciant,
2252 2654 2261 2661 '

63 2736 316 2815 ‘adesse
343 2743 678 2795 certamen..
1740 2788 1744 2793 .

229 2818 318 2880 Ca
331 2838 391 2898 p.
421 2818 546 2881 ΧΠ.
594 2821 696 2881 Ille
719 2818 958 2899 quidem
985 2818 1294 2880 confestim
1314 2818 1613 2881 Mazaeum
1640 2836 1774 2879 cum
1791 2819 1983 2881 tribus
2007 2821 2173 2900 equi-
2198 2818 2229 2877 1

89 2916 228 2969 tum
263 2904 498 2969 milibus
530 2906 604 2969 ad
637 2906 867 2981 itinera,
910 2924 1063 2985 quae
1094 2905 1285 2967 hostis
1325 2905 1617 2984 petiturus
1651 2914 1792 2978 erat,
1832 2908 2178 2987 occupanda

89 2991 428 3075 praemisit.
483 2992 812 3055 Alexander
831 2992 1067 3072 corpori
1087 2992 1287 3055 uxoris
1308 2992 1434 3053 eius
1451 2992 1623 3055 iustis
1644 2992 1962 3071 persolutis
1983 2992 2183 3057 omni—
2196 2989 2235 3049 2

92 3096 220 3161 que
235 3078 502 3157 graviore
522 3080 797 3144 comitatu
811 3080 969 3141 intra
987 3080 1195 3139 eadem
1214 3078 1581 3143 munimenta
1597 3096 1728 3141 cum
1748 3079 1981 3140 modico
2002 3096 2178 3159 prae-⁴

94 3163 258 3228 sidio
274 3164 478 3227 relicto
499 3166 573 3229 ad
589 3167 820 3229 hostem
841 3166 1162 3228 contendit.
1207 3165 1337 3227 Duo
1360 3184 1580 3229 cornua
1598 3164 1875 3227 diviserat
1894 3165 2175 3246 peditum,
2196 3159 2236 3219 3

93 3252 164 3313 in
186 3258 504 3331 utrumque
532 3252 686 3314 latus
709 3252 902 3333 equite
923 3252 1314 3314 circumdato:
1340 3252 1763 3332 impedimenta
1780 3251 2179 3331 sequebantur
2258 3320 2272 3330 ·

97 3355 340 3418 agmen.
431 3338 825 3401 Praemissum
866 3338 1079 3399 deinde
1117 3358 1252 3400 cum
1294 3339 1423 3403 citis
1458 3338 1753 3418 equitibus
1782 3336 2059 3397 Menidan
2083 3330 2175 3391 iu·
2198 3330 2237 3389 4

97 3424 207 3486 bet
231 3424 562 3503 explorare,
611 3424 710 3485 ubi
735 3424 958 3485 Dareus
983 3431 1158 3486 esset.
1248 3428 1320 3485 At
1345 3424 1458 3496 ille,
1508 3442 1694 3504 quum
1724 3422 1995 3481 Mazaeus
2018 3415 2177 3478 haud

101 3511 318 3593 procul
348 3508 738 3585 consedisset,
761 3528 884 3571 non
907 3527 1086 3571 ausus
1112 3511 1259 3571 ultra
1286 3510 1633 3589 procedere,
1656 3506 1803 3569 nihil
1824 3502 1979 3565 aliud
2004 3519 2176 3581 quam

101 3596 408 3661 fremitum
451 3594 756 3660 hominum
799 3594 1208 3674 hinnitumque
1248 3613 1535 3675 equorum
1570 3590 1883 3653 exaudisse
1924 3588 2181 3651 nunciat.
