2417 3900
495 70 683 152 un.
726 72 875 152 vui.
918 87 1071 166 (v1.)
1114 88 1274 153 mr.
1315 88 1388 151 x.
1437 85 1684 153 1-22,
1778 122 1782 131 ·
2023 86 2146 149 169

79 208 281 273 omnia
313 208 441 267 solo
477 218 723 291 aequata
755 216 911 269 sunt.
977 207 1052 268 Et
1082 222 1155 265 ex
1186 205 1335 267 urbe
1367 207 1620 284 primum
1654 224 1862 270 canum
1887 204 2226 281 latratum&

78 294 296 357 deinde
329 301 497 355 etiam
530 294 835 356 hominum
865 292 1133 354 fremitus
1170 291 1400 351 auditus
1432 301 1541 355 est.
1608 292 1762 356 Tum
1791 302 1850 351 et
1875 292 2152 373 oppidani

72 381 313 443 hostem
341 390 399 439 et
422 376 779 441 Macedones
804 379 876 437 ad
902 378 1109 439 urbem
1133 374 1296 455 ipsos
1320 379 1548 439 venisse
1575 389 1960 457 cognoscunt.
2007 379 2153 440 tam·
2176 385 2254 446 10

74 484 191 546 que
214 484 317 525 rex
346 465 629 526 eduxerat
652 463 851 543 copias
874 473 932 523 et
954 460 1185 524 moenia
1206 460 1532 536 obsidebat,
1555 481 1730 542 quum
1753 464 2032 533 hostium,
2059 464 2157 541 qui

69 552 395 613 discrimen
424 559 803 621 tentaverant,
848 549 1039 611 obruti
1064 549 1193 608 telis
1221 555 1379 609 sunt.
1443 548 1584 611 Aliis
1611 567 1748 627 ergo
1775 550 2156 623 deditionem,

64 638 201 699 aliis
248 654 509 715 pugnam
550 633 799 715 experiri
842 635 1126 715 placebat,
1170 652 1420 711 quorum
1459 634 1818 695 dubitatione
1857 644 2157 713 comperta

64 721 483 785 circumsideri
502 731 724 783 tantum
748 740 849 782 eos
869 732 926 783 et
946 720 1226 782 abstineri
1251 720 1530 783 caedibus
1549 720 1732 781 iussit.
1775 720 2158 799 Tandemque
2182 724 2258 786 11

62 806 405 882 obsidionis
432 808 601 869 malis
623 807 837 886 fatigati
860 807 1141 869 dedidere
1165 824 1254 867 se.
1295 806 1576 869 A.Libero
1599 806 1774 867 Patre
1799 806 2066 869 conditos
2093 824 2157 865 se
2181 810 2258 871 12

62 912 217 957 esse
253 892 553 969 dicebant;
598 904 655 955 et
680 912 811 954 vera
844 894 991 955 haec
1028 893 1193 971 origo
1235 900 1378 956 erat.
1444 893 1566 955 Sita
1603 901 1694 953 est
1724 894 1834 955 sub
1861 892 2154 953 radicibus

57 978 317 1052 montis»,
358 996 529 1058 quem
558 979 763 1041 Meron
795 980 1021 1041 incolae
1046 979 1362 1059 appellant.
1427 979 1572 1040 Inde
1603 978 1807 1040 Graeci
1835 977 2154 1039 mentiendi

54 1076 305 1129 traxere
332 1064 641 1140 licentiam,
656 1064 819 1141 ,lovis
843 1066 1059 1127 semine
1085 1066 1359 1127 Liberum
1387 1066 1620 1127 Patrem
1649 1083 1782 1125 esse
1807 1067 2077 1125 celatum.
2180 1073 2260 1135 13

207 1152 331 1231 Rex
362 1152 477 1212 situ
514 1152 733 1213 montis
762 1151 997 1229 cognito
1032 1169 1103 1211 ex
1130 1150 1338 1211 incolis
1381 1168 1512 1211 cum
1538 1159 1662 1210 toto
1692 1150 1951 1209 exercitu
1987 1164 2159 1226 prae-

58 1236 277 1301 missis
306 1237 732 1298 commeatibus
758 1236 1035 1297 verticem
1064 1234 1187 1299 eius
1215 1235 1498 1295 ascendit.
1543 1235 1720 1295 Multa
1753 1234 1974 1293 hedera
2000 1232 2160 1292 vitis·

62 1341 194 1403 que
220 1330 345 1383 toto
386 1321 642 1399 gignitur
670 1328 903 1391 monte3
942 1321 1157 1381 multae
1192 1338 1488 1399 perennes
1515 1336 1702 1397 aquae
1727 1326 1986 1379 manant.
2044 1318 2160 1377 Po·
2183 1328 2264 1391 14

58 1426 310 1471 morum
350 1425 584 1485 quoque
609 1405 751 1467 varii
774 1406 1159 1483 'salubresque
1184 1404 1344 1465 succi
1381 1414 1538 1476 sunt,
1583 1422 1688 1463 sua
1717 1410 1928 1483 sponte
1955 1402 2161 1465 fortui-
2271 1471 2276 1481 ,

60 1504 273 1557 torum
314 1492 604 1552 seminum
643 1492 843 1568 fruges
877 1492 1059 1552 humo
1099 1489 1412 1549 nutriente.
1478 1488 1657 1550 Lauri
1689 1488 2070 1567 baccarisque
2106 1496 2163 1549 et

61 1579 265 1643 multa
288 1576 489 1637 inillis
512 1576 761 1655 rupibus
788 1575 1036 1653 agrestis
1061 1584 1151 1637 est
1174 1574 1338 1637 silva.
1383 1574 1572 1637 Credo
1598 1573 1890 1653 equidem,
1926 1592 2046 1635 non
2074 1573 2163 1635 di·
2186 1582 2266 1644 15

60 1666 217 1728 vino
244 1660 551 1735 instinctu,
578 1661 683 1721 sed
705 1661 939 1723 lascivia
969 1679 1100 1721 esse
1122 1668 1454 1741 provectos,
1485 1669 1548 1723 ut
1571 1660 1796 1740 passim
1820 1660 2072 1723 hederae
2096 1676 2166 1721 ac

57 1748 289 1813 vitium
321 1746 455 1807 solia
479 1748 864 1827 decerperent
888 1746 1258 1826 redimitique
1293 1747 1502 1809 fronde
1525 1756 1648 1810 toto
1665 1764 1916 1809 ,nemore
1941 1744 2161 1807 similes

60 1832 509 1899 bacchantibus
535 1842 901 1912 vagarentur.
964 1833 1220 1898 Vocibus
1255 1852 1394 1913 ergo
1420 1842 1508 1897 tot
1544 1833 1784 1908 milium,
1827 1832 2161 1913 praesidem
2183 1838 2266 1901 16

62 1916 349 1986 nemoris
379 1918 503 1982 eius
530 1920 704 1982 deum
732 1920 1119 1996 adorantium,
1163 1921 1300 2000 iuga
1331 1920 1884 2002 montis.collesque
1916 1938 2162 1982 resona-

62 2011 247 2078 bant,
278 2023 455 2083 quum
478 2015 603 2068 orta
620 2007 855 2070 licentia
874 2026 907 2068 a
927 2006 1151 2088 pauciS,
1173 2017 1241 2069 ut
1263 2009 1384 2069 fere
1403 2009 1486 2081 fit,
1507 2006 1570 2068 in
1597 2026 1805 2068 omnes
1833 2025 1898 2067 se
1917 2012 2164 2085 repente

63 2093 398 2170 vulgasset.
464 2092 697 2172 Quippe
728 2095 886 2155 velut
907 2092 969 2153 in
998 2092 1189 2154 media
1227 2111 1370 2172 pace
1398 2112 1507 2171 per
1543 2091 1764 2152 herbas
1793 2099 2164 2168 congestam·
2188 2095 2267 2157 17

68 2197 203 2261 que
224 2177 497 2238 frondem
516 2187 887 2256 prostravere
906 2195 1172 2256 corpora.
1221 2177 1296 2237 Et
1309 2195 1415 2237 rex
1437 2177 1732 2237 fortuitam
1753 2175 2024 2235 laetitiam
2044 2193 2166 2233 non

68 2269 388 2329 aversatus
412 2263 573 2340 large
600 2265 673 2324 ad
700 2264 903 2343 epulas
940 2261 1514 2344 omnibusbprae‘bitis
1543 2279 1650 2340 per
1674 2261 1878 2344 decem
1914 2260 2040 2320 dies
2069 2258 2168 2317 Li-

66 2354 233 2415 bero
268 2347 429 2408 Patri
466 2357 774 2426 operatum
806 2347 1012 2408 habuit
1059 2347 1398 2409 exercitum.
1465 2346 1612 2419 Quis
1650 2353 1858 2423 neget,
1901 2343 2168 2404 eximiam
2189 2352 2270 2415 18

69 2451 327 2519 quoque
364 2433 609 2513 gloriam
654 2432 890 2513 saepius
928 2435 1236 2506 fortunae,
1283 2450 1457 2512 quam
1498 2431 1758 2505 virtutiS,
1807 2447 1939 2491 esse
1986 2430 2170 2490 bene-

72 2515 335 2586 ficium?
396 2519 630 2600 Quippe
663 2539 741 2582 ne
776 2518 1079 2599 epulantes
1123 2518 1358 2598 quidem
1395 2526 1454 2580 et
1485 2517 1712 2597 sopitos
1737 2533 1901 2580 mero
1929 2514 2170 2596 aggredi

74 2625 272 2672 ausus
294 2613 385 2666 est
404 2605 615 2680 hostis,
641 2605 797 2668 haud
819 2623 991 2666 secus
1013 2605 1420 2668 bacchantium
1444 2603 1906 2684 ululantiumque
1931 2605 2168 2667 fremitu

70 2691 455 2778 perterrituS‚
496 2709 667 2771 quam
696 2691 747 2754 si
771 2691 1177 2770 proeliantium
1202 2692 1426 2753 clamor
1451 2699 1610 2754 esset
1631 2690 1884 2754 auditus·
1945 2691 2166 2752 Eadem

73 2776 335 2844 felicitas
358 2778 435 2838 ab
458 2795 683 2840 oceano
707 2784 1067 2841 revertentes
1092 2785 1209 2840 tem
1222 2779 1447 2841 ,dentos
1471 2780 1972 2858 comissantesque
1993 2778 2168 2854 [inter

76 2883 193 2930 ora
217 2863 497 2943 hostium]
532 2863 804 2946 protexit.
1893 2912 1898 2924 .

216 2949 371 3011 Hinc
406 2951 481 3012 ad
518 2950 840 3030 regionem,
892 2967 1041 3029 quae
1072 2949 1324 3010 Daedala
1363 2951 1620 3022 vocatur,
1661 2945 2008 3029 perventum
2060 2955 2167 3008 est.
2191 2947 2268 3008 19
2313 2949 2320 2952 ’

74 3039 497 3101 Deseruerant
508 3035 735 3099 incolae
762 3035 937 3098 sedes
960 3035 1104 3097 etin
1134 3035 1294 3096 avios
1321 3034 1734 3114 silvestresque
1765 3045 2001 3096 montes
2025 3049 2168 3092 con-

76 3127 386 3200 fugerant.
430 3122 593 3199 Ergo
611 3121 857 3184 Acadira
880 3120 1110 3194 transit,
1137 3139 1322 3201 aeque
1343 3129 1509 3182 vasta
1527 3130 1587 3182 et
1609 3121 1882 3184 destituta
1903 3117 2168 3180 incolen-

72 3211 237 3274 tium
256 3209 415 3285 fuga.
460 3207 657 3288 Itaque
675 3208 962 3270 rationem
980 3205 1118 3268 belli
1134 3205 1456 3268 necessitas
1477 3207 1739 3280 mutavit.
1782 3204 1990 3268 Divisis
2014 3196 2168 3256 enim
2188 3195 2272 3257 20

78 3292 283 3374 copiis
308 3291 577 3373 pluribus
603 3293 773 3356 simul
800 3293 947 3356 locis
969 3310 1130 3354 arma
1160 3291 1438 3366 ostendit,
1485 3292 1888 3373 oppressique,
1915 3282 2017 3344 ubi
2047 3299 2168 3340 non

82 3386 579 3460 exspectaverant
602 3380 851 3456 hostem,
879 3376 1040 3441 omni
1066 3378 1230 3440 clade
1253 3378 1566 3457 perdomiti
1591 3385 1748 3440 sunt.
1799 3369 2170 3465 Ptolemaeus
2187 3365 2270 3428 21

82 3464 387 3547 plurimas
414 3463 613 3540 urbes,
637 3466 971 3528 Alexander
988 3462 1270 3524 maximas
1289 3462 1468 3542 cepit:
1507 3474 1844 3534 rursusque,
1881 3468 2028 3527 quas
2047 3451 2171 3514 (¹¹⁵-

86 3553 398 3626 tribuerat,
444 3551 643 3632 copias
680 3550 889 3614 iunxit.
952 3549 1245 3630 Superato
1281 3547 1496 3610 deinde
1525 3547 1792 3620 Choaspe
1828 3552 2002 3598 amne
2025 3537 2175 3602 Coe·
2189 3533 2273 3600 22
