2417 3900
494 132 635 194 us.
680 132 1029 211 v1u.,<v1.)
1075 132 1234 193 cAr.
1279 132 1380 193 ui.
1429 129 1672 195 1-17,
2007 132 2132 193 155

64 248 263 308 sisset:
308 247 420 309 sihi
445 260 695 313 mortem
724 250 1023 313 deditione
1046 266 1178 309 esse
1200 248 1495 310 leviorem.
1547 251 1622 314 At
1650 250 1746 311 illa
1771 268 2024 330 purgare
2047 271 2134 329 se,
2153 251 2195 313 7

58 330 233 411 quod,
260 351 409 410 quae
437 336 597 400 utilia
622 354 757 397 esse
782 335 1080 407 censebat,
1102 332 1464 395 muliebriter
1487 336 1751 411 forsitan,
1775 336 1884 397 sed
1907 338 2024 408 fida
2046 347 2135 399 ta-

54 437 190 479 men
214 428 411 481 mente
436 421 751 483 suasisset:
780 421 855 481 de
882 428 1077 480 cetero
1097 420 1352 479 futuram
1374 418 1436 480 in
1459 420 1564 483 viri
1583 430 1898 501 potestate.
1943 422 2138 501 Spita·
2157 420 2198 481 8

56 506 259 565 menes
278 504 555 570 simulato
572 514 781 585 captus
802 504 1089 584 obsequio
1109 505 1185 565 de
1205 503 1300 565 die
1319 504 1645 569 convivium
1665 506 1938 587 apparari
1959 506 2138 583 iubet,

58 591 311 667 vinoque
326 602 391 651 et
408 592 598 669 ,epulis
618 589 829 667 gravis,
852 590 1250 653 semisomnus
1265 590 1326 651 in
1347 590 1678 653 cubiculum
1697 595 1900 655 fertur.
1949 594 2140 667 Quem
2159 598 2198 659 9

50 684 111 735 ut
136 676 259 736 alto
286 683 347 737 et
372 674 533 753 gravi
566 695 777 739 somno
803 675 1057 755 sopitum
1084 694 1218 737 esse
1243 676 1430 739 sensit
1456 694 1622 750 uxor,
1657 678 1929 756 gladium,
1965 696 2144 757 quem

48 770 218 821 veste
250 762 661 836 occultaverat,
704 762 937 840 stringit
977 770 1268 842 caputque
1309 761 1436 823 eius
1469 762 1764 825 abscisum
1800 782 2008 825 cruore
2043 782 2142 825 rc-

43 864 270 925 spersa
298 863 469 909 servo
498 866 605 909 suo
630 849 869 911 conscio
892 848 1168 909 facinoris
1196 848 1391 911 tradit.

184 930 408 996 Eodem
436 935 763 1009 comitante,
809 934 959 997 sicut
994 942 1138 1008 erat,
1182 941 1424 995 cruenta
1463 943 1624 995 veste
1659 933 1718 995 in
1745 932 2136 997 Macedonum
2161 936 2242 999 1⁰

38 1024 248 1077 castra
275 1020 539 1095 pervenit
562 1021 945 1101 nunciarique
968 1020 1298 1083 Alexandro
1324 1019 1506 1092 iubet,
1545 1038 1697 1093 esse,
1733 1038 1882 1099 quae
1911 1038 1979 1082 ex
2005 1021 2138 1101 ipsa

38 1103 296 1165 deberet
314 1122 696 1183 cognoscere.
732 1107 835 1168 llle
856 1106 1127 1186 protinus
1144 1105 1460 1167 barbaram
1478 1105 1648 1166 iussit
1665 1106 1910 1167 admitti.
1945 1108 2138 1177 Quam
2161 1107 2237 1168 1-1

40 1198 105 1248 ut
130 1206 439 1268 aspersam
464 1210 677 1253 cruore
706 1192 1031 1270 conspexit,
1081 1198 1247 1252 ratus
1277 1189 1352 1250 ad
1379 1190 1804 1267 deplorandam
1831 1198 2140 1251 contume-

38 1274 187 1335 liam
214 1274 466 1349 venisse,
504 1277 719 1349 dicere,
757 1294 907 1354 quae
930 1275 1118 1349 vellet,
1146 1274 1328 1335 iubet.
1375 1275 1444 1334 At
1473 1274 1568 1333 illa
1591 1292 1845 1347 servum,
1883 1292 2054 1353 quem
2077 1274 2140 1335 in
2163 1277 2243 1339 12

42 1360 339 1421 vestibulo
380 1370 539 1425 stare
571 1362 841 1433 iusserat,
879 1359 1179 1420 introduci
1207 1358 1580 1419 desideravit.
1653 1358 1765 1431 Qui
1803 1358 1936 1437 quia
1965 1366 2142 1439 caput

38 1444 413 1525 Spitamenis
442 1454 605 1507 veste
638 1455 857 1506 tectum
883 1442 1157 1516 habebat,
1205 1454 1518 1520 suspectus
1544 1443 1957 1517 scrutantibuS,
1999 1445 2142 1523 quid

34 1530 366 1599 occuleret,
394 1531 673 1592 ostendit.
721 1530 1077 1591 Confuderat
1092 1527 1222 1593 ,oris
1247 1528 1556 1605 exsanguis
1583 1537 1752 1591 notas
1775 1528 1982 1607 pallor,
2011 1548 2141 1605 nec,
2167 1530 2243 1592 13

36 1617 185 1696 quis
209 1624 385 1689 esset,
412 1616 579 1677 nosci
604 1614 747 1677 satis
772 1623 1019 1694 poterat.
1063 1614 1220 1692 Ergo
1243 1632 1346 1675 rex
1369 1612 1587 1676 certior
1608 1615 1794 1675 sactus
1819 1612 2144 1677 humanum

34 1710 235 1782 caput
252 1703 465 1763 afferre
484 1719 639 1775 eum,
671 1700 1049 1763 tabernaculo
1078 1700 1330 1761 excessit
1347 1708 1862 1780 percontatusque,
1890 1699 2030 1780 quid
2055 1698 2146 1763 rei

30 1791 143 1859 sit,
192 1787 293 1847 illo
331 1788 645 1865 profitente
684 1786 1004 1865 cognoscit.
1068 1786 1274 1847 Variae
1311 1786 1450 1849 hinc
1479 1787 1862 1865 cogitationes
1889 1785 2144 1849 invicem
2165 1786 2244 1849 14

32 1873 319 1936 animum
362 1873 589 1934 diversa
629 1874 945 1953 agitantem
990 1886 1446 1936 commoverant.
1516 1874 1785 1950 Meritum
1825 1872 2038 1954 ingens
2081 1873 2144 1934 in
2320 1870 2324 1875 ’

38 1967 247 2022 semet
272 1977 407 2020 esse
431 1961 729 2034 credebat,
756 1961 915 2040 quod
938 1962 1240 2038 transfuga
1269 1968 1327 2022 et
1345 1961 1634 2041 proditor,
1663 1959 1839 2023 tantis
1865 1961 2065 2033 rebuS,
2091 1960 2146 2022 si

37 2045 311 2116 vixisset,
340 2045 941 2118 iniecturus-moram,
968 2046 1317 2108 interfectus
1343 2055 1531 2108 esset:
1573 2054 1776 2108 contra
1801 2045 2027 2108 facinus
2049 2045 2144 2106 in·

38 2149 201 2209 gens
230 2131 627 2203 aversabatur,
672 2150 849 2208 quum
888 2130 1109 2208 optime
1140 2131 1412 2193 meritum
1447 2130 1520 2190 de
1553 2130 1704 2208 ipsa,
1745 2129 2146 2190 communium

40 2224 365 2296 parentem
396 2215 675 2286 liberum,
717 2234 826 2293 per
854 2215 1097 2276 insidias
1126 2214 1540 2276 interemisset.
1607 2213 1752 2272 Vicit
1782 2219 1980 2272 tamen
2011 2229 2145 2290 gra·
2166 2217 2245 2278 15

40 2303 198 2364 tiam
224 2300 420 2362 meriti
443 2299 684 2364 sceleris
712 2299 1007 2372 atrocitas,
1045 2299 1504 2377 denunciarique
1527 2296 1715 2369 iussit,
1742 2305 1808 2356 ut
1835 2297 2148 2357 excederet

46 2387 291 2459 castriS‚
322 2403 440 2447 neu
470 2383 739 2447 licentiae
764 2384 1048 2446 barbarae
1074 2385 1371 2463 exemplar
1390 2383 1451 2443 in
1481 2381 1839 2443 Graecorum
1863 2399 2062 2442 mores
2089 2391 2148 2444 et

46 2471 226 2534 mitia
266 2471 503 2550 ingenia
543 2470 907 2532 transferret.
974 2470 1173 2533 Dahae
1208 2467 1588 2552 Spitamenis·
1617 2467 1798 2528 caede
1845 2475 2146 2547 comperta
2169 2469 2248 2532 16

40 2559 527 2636 Dataphernem,
570 2555 915 2623 defectionis
951 2555 1075 2617 eius
1115 2555 1484 2636 participem,
1523 2553 1780 2616 vinctum
1813 2553 2148 2615 Alexandro

38 2662 249 2720 seque
272 2644 517 2706 dedunt.
562 2643 666 2704 Ille
688 2641 941 2705 maxima
959 2643 1358 2720 praesentium
1385 2658 1656 2704 curarum
1682 2649 1848 2719 parte
1867 2639 2146 2702 liberatus

44 2729 357 2798 convertit
379 2730 639 2792 animum
666 2728 741 2788 ad
761 2727 1139 2790 vindicandas
1162 2727 1402 2790 iniurias
1426 2745 1652 2799 eorum,
1679 2725 1894 2805 quibus
1916 2744 1950 2787 a
1971 2744 2145 2806 prac-

44 2813 291 2876 toribus
318 2815 441 2876 suis
467 2833 639 2877 avare
666 2832 736 2876 ac
761 2814 1017 2893 superbe
1052 2814 1469 2894 imperabatur.
1536 2813 1692 2890 Ergo
1717 2812 2146 2892 Phratapherni
2168 2818 2247 2880 17

44 2900 411 2978 Hyrcaniam
432 2908 489 2961 et
506 2897 741 2962 Mardos
760 2917 893 2962 cum
908 2899 991 2960 Ta
996 2900 1151 2980 pitris
1171 2900 1412 2962 tradidit
1429 2898 1859 2977 mandavitque,
1879 2908 1943 2963 ut
1957 2899 2146 2962 Phra-

48 2987 264 3058 daten,
316 2985 409 3046 cui
452 2984 820 3059 succedebat,
868 2986 940 3046 ad
984 3003 1049 3046 se
1090 2987 1154 3048 in
1190 2985 1518 3048 custodiam
1555 2984 1829 3048 mitteret.
1898 2985 2145 3058 Arsami,
2232 3017 2244 3026 -

44 3071 431 3148 Drangarum
460 3073 775 3150 praefecto,
802 3069 1158 3134 substitutus
1190 3081 1282 3134 est
1305 3073 1606 3134 Stasanor.
1659 3071 1907 3134 Arsaces
1934 3072 1994 3134 in
2021 3071 2146 3132 Me-

48 3157 235 3221 diam
254 3157 487 3229 missus,
518 3169 583 3220 ut
597 3155 898 3236 ,Oxydates
922 3157 1063 3222 inde
1090 3159 1442 3223 discederet.
1485 3156 1804 3235 Babylonia
1836 3158 2145 3219 demortuo

46 3243 309 3305 Mazaeo
342 3242 597 3306 Stameni
624 3241 883 3306 subiecta
914 3252 1024 3306 est.

197 3328 294 3388 Ca
305 3347 362 3406 p.
396 3327 489 3389 1v.
549 3327 655 3388 His
698 3328 1039 3406 compositis
1083 3327 1256 3390 tertio
1299 3345 1506 3391 mense
1545 3345 1618 3390 ex
1656 3323 1920 3388 hibernis
1963 3317 2147 3379 movit
2166 3318 2200 3379 1

56 3413 411 3485 exercitum,
436 3412 761 3490 regionem,
787 3431 935 3492 quae
960 3413 1187 3476 Gabaza
1210 3415 1556 3492 appellatur,
1585 3411 1866 3474 aditurus.
1912 3401 2144 3466 Primus
2161 3402 2202 3463 2

57 3498 197 3560 dies
223 3499 485 3580 quietum
514 3498 625 3560 iter
650 3497 951 3577 praebuit:
995 3497 1298 3576 proximus
1339 3499 1392 3560 ei
1425 3498 1692 3560 nondum
1731 3489 1964 3582 quidem
2003 3505 2147 3564 Pl'0·

58 3585 327 3646 callosus
352 3593 413 3646 et
430 3583 631 3657 tristis,
652 3582 957 3645 obscurior
980 3592 1175 3644 tamen
1196 3582 1466 3660 pristino,
1490 3599 1612 3641 non
1638 3577 1764 3636 sine
1786 3589 1960 3632 muns
1985 3588 2151 3630 cres·
