2417 3900
295 127 300 134 ·
373 190 390 222 ,
609 131 757 194 Lm.
797 132 898 194 111.
943 133 1042 210 (1.)
1110 135 1271 232 carr.
1317 137 1415 196 xl.
1491 133 1783 198 11-27,
2156 137 2237 198 αι

163 257 352 314 retur.
419 250 588 313 Tunc
624 269 765 312 vero
791 251 1140 333 impotentis
1168 255 1439 316 fortunae
1464 254 1699 335 species
1734 254 1995 334 conspici
2025 259 2238 338 potuit,
2260 254 2343 318 23

163 354 352 416 quum
393 335 466 412 ii,
523 336 626 416 qui
670 347 795 400 tum
845 339 1038 400 Dareo
1083 339 1532 404 tabernaculum
1578 350 2032 417 exornaverant,
2078 345 2243 406 omni

157 423 306 484 luxu
333 429 390 484 et
426 422 730 501 opulentia
761 423 1137 496 instructum,
1185 425 1390 488 eadem
1422 426 1518 490 illa
1544 426 1899 501 Alexandro,
1944 430 2112 506 quasi
2138 449 2244 491 ve-

156 507 277 570 teri
317 508 594 584 domino,
642 509 1047 572 reservabant.
1114 509 1383 590 Namque
1413 510 1475 574 id
1496 513 1691 576 solnm
1712 513 2000 576 intactum
2025 515 2244 576 omise-

153 602 296 656 rant
347 595 586 668 militem,
631 593 716 656 ita
761 595 978 658 tradito
1017 613 1216 670 more,
1260 606 1328 659 ut
1350 595 1633 660 victorem
1680 599 1815 661 victi
1846 598 2007 679 regis
2044 601 2246 662 taber·-

155 680 380 742 naculo
425 678 787 760 exciperent.
873 681 991 744 Sed
1025 682 1296 744 omnium
1343 683 1547 745 oculos
1575 684 1925 764 animosque
1958 685 2023 746 in
2059 695 2249 748 semet
2264 681 2349 740 ”24

156 773 507 828 averterant
529 765 792 845 captivae
816 778 1002 831 mater
1027 768 1405 848 coniunxque
1429 770 1633 832 Darei:
1680 771 1773 832 illa
1796 789 1917 832 non
1940 771 2249 834 maiestate

159 853 379 925 solum,
425 851 536 914 sed
563 853 734 914 etiam
759 861 948 916 aetate
975 855 1347 930 venerabilis,
1384 856 1536 918 haec
1560 858 1787 918 formae
1812 857 2249 936 pulchritudine

157 956 278 1000 nec
323 938 422 1000 illa
460 937 699 1020 quidem
733 949 894 1002 sorte
940 950 1274 1021 corruptae.
1334 941 1666 1021 Receperat
1709 943 1773 1005 in
1819 942 2013 1006 sinum
2058 945 2249 1014 filium

165 1024 432 1086 nondum
465 1033 697 1088 sextum
719 1044 942 1088 annum
968 1028 1175 1090 aetatis
1199 1037 1528 1106 egressum,
1555 1029 1617 1090 in
1636 1047 1810 1109 spem
1835 1037 2035 1091 tantae
2053 1032 2250 1091 fortu-

158 1128 292 1184 nae,
341 1119 625 1190 quantam
649 1119 822 1190 pater
845 1113 977 1175 eius
1001 1115 1202 1192 paullo
1229 1123 1365 1175 ante
1388 1116 1694 1190 amiserat,
1740 1115 2023 1193 genitum.
2091 1117 2169 1176 At
2188 1115 2251 1174 in
2270 1109 2355 1170 2⁵

161 1197 388 1276 gremio
433 1215 584 1259 anus
633 1198 800 1258 aviae
853 1198 1126 1261 iacebant
1169 1200 1403 1262 adultae
1449 1200 1708 1277 virgines
1751 1202 1933 1272 duae,
1974 1218 2105 1261 non
2141 1218 2252 1260 suo

159 1290 413 1356 tantum,
459 1283 572 1344 sed
613 1284 790 1344 etiam
823 1284 980 1346 illius
1021 1302 1293 1346 maerore
1330 1287 1652 1346 consectae.
1714 1283 1935 1364 lugens
1972 1285 2128 1346 circa
2150 1301 2254 1344 eas

155 1367 456 1430 nobilium
511 1368 870 1429 feminarum
915 1370 1086 1430 turba
1139 1370 1483 1430 constiterat
1528 1369 1799 1430 laceratis
1842 1369 2101 1432 crinibus
2147 1370 2255 1430 ab·

157 1453 474 1532 scissaque
499 1465 684 1527 veste,
731 1452 966 1531 pristini
988 1455 1221 1514 decoris
1254 1454 1650 1526 immemores,
1696 1454 1929 1532 reginas
1952 1455 2257 1516 dominas-

161 1557 304 1620 que,
351 1538 507 1600 veris
535 1539 858 1618 quondam,
903 1547 1046 1600 tunc
1080 1539 1287 1600 alienis
1318 1538 1659 1600 nominibus
1698 1539 2055 1602 invocantes.
2112 1540 2256 1600 lllae
2276 1529 2361 1592 26

159 1643 309 1688 suae
348 1623 695 1686 calamitatis
725 1622 967 1700 oblitae,
1011 1624 1075 1686 in
1117 1633 1251 1686 utro
1284 1643 1469 1686 cornu
1506 1625 1731 1686 Dareus
1761 1625 2050 1700 stetisset,
2102 1643 2257 1705 quae

103 1743 112 1752 ·
157 1715 400 1774 fortuna
429 1710 788 1774 discriminis
813 1710 1040 1785 fuisset,
1084 1710 1485 1792 requirebant.
1527 1711 1835 1796 Negabant
1860 1729 1927 1772 se
1946 1710 2255 1792 captas,.si

159 1800 386 1860 viveret
417 1815 544 1859 rex.
611 1799 729 1860 Sed
767 1798 930 1858 illum
965 1816 1152 1876 equos
1199 1797 1455 1860 subinde
1488 1807 1811 1861 mutantem
1854 1798 2089 1877 longius
2113 1798 2255 1875 ruga

159 1883 509 1946 abstulerat.
552 1883 623 1946 In
649 1884 774 1946 acie
794 1892 988 1946 autem
1011 1900 1184 1946 caesa
1214 1891 1356 1946 sunt
1383 1885 1697 1949 Persarum
1722 1884 1988 1966 peditum
2015 1891 2251 1945 centum
2274 1878 2365 1940 2⁷

159 1971 343 2045 milia,
385 1970 592 2033 decem
617 1990 757 2033 vero
783 1970 940 2033 milia
963 1972 1273 2033 interfecta
1301 1972 1587 2051 equitum.
1632 1973 1701 2033 At
1738 1990 1773 2033 a
1807 1978 1977 2051 parte
1998 1971 2253 2031 Alexan-

161 2057 258 2120 dri
287 2064 566 2137 quattuor
592 2066 652 2119 et
676 2057 980 2138 quingenti
1019 2058 1202 2119 saucii
1237 2059 1432 2131 fuere,
1478 2057 1715 2136 triginta
1748 2057 1994 2118 omnino
2032 2063 2094 2117 et
2136 2055 2259 2116 duo

159 2163 237 2205 ex
263 2143 566 2223 peditibus
591 2144 914 2205 desiderati
937 2152 1095 2216 sunt,
1142 2142 1406 2222 equitum
1439 2153 1675 2204 centum
1705 2140 2129 2219 quinquaginta
2162 2138 2259 2199 in-

161 2228 418 2293 terfecti.
461 2230 718 2292 Tantulo
745 2228 1051 2308 impendio
1077 2229 1293 2306 ingens
1312 2227 1555 2289 victoria
1580 2226 1760 2286 stetit.

298 2315 462 2395 Cap.
505 2315 636 2377 ΧΠ.
707 2314 852 2388 Rex,
899 2313 1001 2391 qui
1045 2314 1146 2373 diu
1186 2313 1445 2373 DarEum
1495 2308 1917 2389 persequendo
1965 2306 2261 2384 fatigatus,
2284 2302 2318 2361 1

164 2408 490 2483 postquam
521 2408 577 2463 et
613 2419 734 2462 nox
768 2398 1092 2479 appetebat.
1129 2404 1189 2458 et
1225 2395 1819 2474 consequendispes
1850 2410 1973 2453 non
2012 2400 2155 2467 erat,
2198 2390 2261 2451 in

165 2496 362 2553 castra
385 2487 586 2569 paullo
611 2496 749 2550 ante
771 2503 807 2547 a
839 2484 962 2547 suis
983 2491 1151 2563 capta
1181 2478 1471 2561 pervenit.
1514 2480 1754 2542 Invitari
1780 2478 1997 2541 deinde
2018 2478 2263 2551 amicos,
2280 2470 2321 2531 2

164 2574 387 2655 quibus
426 2572 687 2635 maxime
733 2581 1102 2644 assueverat,
1159 2567 1363 2642 iussit,
1396 2566 1633 2648 ,quippe
1683 2582 1912 2635 summa
1935 2565 2265 2629 *dumtaxat

164 2659 321 2724 cutis
363 2658 429 2720 in
473 2659 692 2723 femine
733 2657 1050 2741 perstricta
1087 2672 1213 2717 non
1248 2654 1603 2734 prohibebat
1636 2653 1927 2717 interesse
1962 2650 2261 2714 convivio:

166 2764 355 2827 quum
374 2754 629 2826 repente
657 2764 690 2806 e
712 2744 984 2827 proximo
1002 2741 1387 2805 tabernaculo
1411 2740 1677 2820 lugubris
1701 2740 1950 2811 clamor,
1997 2738 2259 2800 barbaro

163 2833 395 2897 ululatu
438 2834 799 2913 planctuque
847 2830 1207 2912 permixtuS,
1254 2827 1565 2907 epulantes
1618 2824 1958 2889 conterruit.
2028 2824 2259 2886 Cohors
2280 2814 2321 2875 3

169 2937 432 2999 quoque,
481 2937 634 2998 quae
657 2917 987 2980 excubabat
1013 2917 1089 2979 ad
1121 2913 1564 2976 tabernaculum
1589 2912 1771 2990 regis,
1796 2910 1997 2983 verita,
2029 2911 2109 2971 n'e
2131 2922 2261 2997 maff

165 3005 316 3066 ioris
338 3012 540 3068 motus
561 3004 917 3085 principium
946 3011 1122 3073 esset,
1171 3018 1403 3061 armare
1430 3016 1497 3061 se
1522 2990 1817 3077 coeperat.
1866 2996 2057 3059 Causa
2081 2988 2261 3054 subin
2279 2982 2321 3041 4

167 3091 414 3171 pavoris
439 3091 566 3165 fuit,
596 3092 757 3171 quod
781 3098 972 3151 mater
994 3105 1263 3167 uxorque
1282 3085 1455 3147 Darei
1482 3102 1614 3146 cum
1644 3082 1886 3161 captivis
1914 3076 2261 3173 mulieribus

167 3176 478 3241 nobilibus
497 3195 718 3259 regem,
765 3195 944 3255 quem
969 3174 1349 3236 interfectum
1375 3188 1509 3233 esse
1532 3169 1872 3242 credebant,
1906 3168 2134 3253 ingenti
2156 3170 2261 3231 ge-

167 3264 320 3326 mitu
348 3263 686 3342 eiulatuque
713 3262 1032 3323 deflebant.
1077 3260 1247 3321 Unus
1271 3274 1527 3335 namque
1548 3274 1581 3315 e
1606 3252 1849 3333 captivis
1876 3241 2257 3329 spadonibus,
2279 3239 2317 3295 5

170 3350 276 3430 qui
304 3351 461 3411 sorte
485 3355 620 3410 ante
642 3348 912 3426 ipsarum
929 3344 1377 3408 tabernaculum
1410 3348 1672 3405 steterat.
1717 3338 2051 3401 amiculum.
2100 3318 2259 3399 quod

165 3438 422 3509 Dareus„
471 3434 624 3496 sicut
657 3434 854 3512 paullo
885 3441 1022 3494 ante
1046 3431 1269 3493 dictum
1296 3434 1407 3499 est,
1454 3445 1531 3489 ne
1558 3424 1715 3489 cultu
1741 3420 2109 3504 proderetur,
2155 3404 2261 3463 ab*

167 3525 413 3596 iecerat,
459 3520 521 3582 in
545 3519 824 3581 manibus
853 3518 998 3589 eius,
1043 3515 1146 3595 qui
1167 3522 1473 3593 repertum
1504 3508 1749 3573 ferebat,
1772 3500 2023 3589 ἃςῑᾎθων
2041 3494 2261 3581 ,¹'³²¹,¹S''

173 3628 295 3693 que
343 3604 662 3670 interfecto
709 3604 1040 3665 detractum
1089 3616 1254 3673 esse,
1310 3596 1527 3659 falsum
1563 3586 1843 3652 nuncium
1883 3579 2090 3637 mortis
2136 3580 2262 3625 eius
2350 3610 2359 3621 ,
