2417 3900
232 90 362 150 200
538 114 543 117 ·
710 89 807 151 DE
850 88 1115 149 GESTIS
1157 86 1584 148 ALEXANDRI
1628 84 1867 152 MAGNI

115 196 120 203 ’
228 219 296 273 ιιι
316 228 383 271 se
406 206 646 287 recepit,
671 207 941 287 protinus
966 206 1135 267 altior
1158 208 1504 285 insequutus
1533 214 1622 267 est
1645 226 1910 269 somnus.
1951 206 2040 267 Ex
2062 226 2184 286 quo
2213 226 2324 269 ex·
2398 250 2399 291 3

232 295 443 357 citatus
464 312 573 373 per
598 293 849 372 quietem
878 292 1093 353 vidisse
1120 311 1183 351 se
1206 292 1448 371 exponit
1471 292 1724 371 speciem
1753 292 2024 354 draconis
2051 294 2318 354 oblatam

229 381 477 442 herbam
503 379 743 440 ferentis
770 396 893 451 ore,
938 395 1117 456 quam
1151 378 1361 438 veneni
1385 377 1707 439 remedium
1741 397 1876 439 esse
1899 388 2316 439 monstrasset.

126 470 213 533 27
235 466 503 528 Colorem
530 482 767 544 quoque
790 464 1008 525 herbae
1033 464 1340 537 referebat,
1381 464 1732 541 agniturum,
1777 464 1829 525 si
1855 464 1985 543 quis
2010 464 2316 543 repperis·
2398 506 2399 515 η

234 560 343 626 set,
371 552 689 612 affirmans,
736 549 1035 610 Inventam
1065 548 1300 622 deinde,
1334 550 1548 629 quippe
1574 568 1606 609 a
1633 550 1832 613 multis
1861 549 2033 611 simul
2061 559 2192 611 erat
2219 570 2314 611 re-
2398 564 2399 629 j

218 636 464 717 quisita,
508 634 734 697 vulneri
768 635 1073 714 imposuit,
1117 635 1504 714 protinusque
1531 636 1736 696 dolore
1757 635 1919 697 finito
1953 636 2109 697 intra
2134 637 2311 701 breve
2398 634 2399 655 ³

127 726 213 790 28
229 723 485 803 spatium
530 720 766 783 cicatrix
804 736 1038 802 quoque
1072 721 1323 781 obducta
1357 729 1464 781 est.
1536 721 1826 799 Barbaros
1862 728 1927 782 ut
1955 721 2146 801 prima
2175 741 2310 801 spes
2398 750 2399 759 ι

164 872 167 880 ,
231 809 535 879 fefellerat,
563 825 627 866 se
652 806 817 886 ipsos
844 807 1171 885 urbem-que
1200 804 1574 867 dediderunt.

186 906 199 943 ι
362 892 512 953 Hinc
532 890 594 953 in
617 892 944 970 proximam
968 900 1196 968 gentem
1218 892 1492 953 Pataliam
1519 899 1863 972 perventum
1889 902 2002 953 est.
2043 892 2176 953 Rex
2192 900 2312 952 erat

126 980 212 1041 29
228 977 465 1047 MoeriS,
508 976 607 1055 qui
629 976 775 1037 urbe
804 976 1071 1037 deserta
1055 995 1115 1036 ιιι
1142 985 1376 1038 montes
1401 980 1757 1057 profugerat.
1823 977 2025 1056 Itaque
2052 978 2307 1039 Alexan-

230 1064 339 1125 der
376 1062 595 1142 oppido
632 1062 852 1143 potitur
886 1080 1178 1142 agrosque
1221 1064 1554 1154 populatur.
1601 1063 1865 1141 Magnae
1888 1063 2028 1125 inde
2053 1064 2308 1143 praedae

126 1204 133 1213 .
228 1159 389 1211 actae
408 1155 545 1209 sunt
568 1166 849 1227 pecorum
870 1142 1402 1245 armentorumque,
1427 1167 1638 1229 magna
1656 1147 1742 1211 vis
1761 1157 1994 1231 reperta
2015 1149 2304 1211 frumenti.

122 1234 209 1296 30
226 1235 485 1297 Ducibus
512 1233 727 1295 deinde
753 1233 1001 1315 sumptis
1026 1236 1214 1295 amnis
1241 1234 1446 1313 peritis
1468 1236 1708 1297 defluxit
1733 1235 1805 1295 ad
1825 1235 2080 1296 ‘insulam
2103 1234 2302 1295 medio

228 1321 411 1383 ferme
438 1320 601 1381 alveo
626 1328 875 1381 enatam.

170 1414 206 1475 1
355 1406 521 1491 Cap.
524 1406 645 1467 IX.
689 1406 776 1466 Ibi
816 1405 1033 1466 diutius
1070 1405 1392 1466 subsistere
1419 1412 1673 1477 coactuS,
1719 1404 1850 1483 quia
1887 1404 2066 1465 duces
2096 1422 2302 1465 socor-

226 1490 359 1552 dius
384 1491 667 1554 asservati
692 1493 1091 1570 profugerant,
1116 1490 1291 1564 misit,
1321 1490 1420 1569 qui
1445 1490 1856 1568 conquirerent
1881 1476 2044 1563 alios,
2071 1508 2188 1550 nec
2210 1508 2302 1550 re-

224 1576 425 1655 pertiS,
474 1577 743 1656 pervicax
782 1576 999 1657 cupido
1041 1576 1265 1639 visendi
1295 1594 1578 1637 oceanum
1613 1575 1986 1655 adeundique
2017 1576 2302 1637 terminos

222 1662 432 1724 mundi
465 1662 693 1741 [coegit]
740 1662 867 1723 sine
907 1662 1163 1740 regionis
1198 1662 1404 1741 peritis
1437 1660 1664 1724 flumini
1695 1660 1900 1739 ignoto
1929 1668 2107 1740 caput
2133 1680 2306 1723 suum

166 1752 429 1825 2t0tque
470 1747 921 1808 fortissimorum
958 1747 1215 1809 virorum
1249 1749 1496 1809 salutem
1529 1746 1884 1827 permittere.
1943 1746 2306 1825 Navigabam

226 1848 367 1908 ergo
390 1832 651 1893 omnium
678 1850 783 1910 per
806 1848 955 1909 quae
980 1832 1318 1893 serebantur
1338 1833 1545 1911 ignari.
1594 1833 1887 1905 Quantum
1909 1832 2048 1893 inde
2067 1834 2306 1894 abesset

223 1934 405 1989 mare,
431 1934 581 1995 quae
609 1925 813 1995 gentes
838 1916 1114 1990 colerent,
1144 1935 1316 1998 quam
1343 1917 1638 1998 placidum
1661 1918 1851 1981 amnis
1882 1938 1968 1991 οε,
1996 1936 2174 1999 quam
2197 1938 2306 2000 pa-

224 2001 378 2064 tiens
404 2003 713 2080 longarum
732 2002 965 2065 navium
989 2011 1163 2076 esset,
1188 2021 1406 2084 anceps
1431 2012 1490 2065 et
1512 2023 1685 2066 caeca
1705 2005 2026 2081 aestimatio
2052 2023 2306 2084 augura-

164 2085 418 2150 3batur.
482 2088 676 2150 Unum
712 2099 837 2150 erat
865 2089 1203 2154 temeritatis
1241 2090 1512 2152 solatium
1539 2100 1821 2172 perpetua
1848 2076 2112 2152 felicitas.
2183 2091 2302 2152 Iam

223 2191 365 2236 cccc
391 2175 578 2236 stadia
623 2171 1053 2254 processerant,
1096 2195 1274 2254 quum
1305 2176 1744 2254 gubernatores,
1785 2195 2103 2256 agnoscere
2139 2177 2301 2257 ipsos

222 2277 425 2323 auram
448 2260 625 2322 maris
650 2269 708 2322 et
726 2261 884 2322 haud
909 2262 1115 2340 procul
1138 2261 1322 2323 videri
1346 2262 1458 2323 sibi
1485 2281 1766 2324 oceanum
1793 2263 2018 2335 abesse,
2043 2262 2304 2324 indicant

160 2346 365 2425 Aregi.
430 2347 644 2408 Laetus
680 2347 775 2408 ille
815 2347 1039 2408 hortari
1079 2347 1347 2408 nauticos
1391 2347 1599 2427 eoepit,
1643 2347 2046 2413 incumberent
2086 2350 2297 2410 remis:

220 2431 431 2493 adesse
457 2435 635 2494 finem
660 2432 881 2494 laboris
908 2433 1179 2494 omnibus
1206 2433 1356 2494 votis
1383 2434 1732 2512 expetitum3
1775 2435 1888 2496 iam
1915 2435 2060 2495 nihil
2088 2435 2299 2512 gloriae

220 2517 453 2590 deesse,
500 2517 644 2579 nihil
676 2518 913 2579 obstare
956 2518 1176 2592 virtuti3
1219 2519 1347 2580 sine
1381 2520 1500 2580 ullo
1529 2519 1726 2580 Martis
1767 2519 2122 2592 discrimine,
2171 2521 2300 2582 sine

218 2603 505 2680 sanguine
535 2603 954 2681 orbem-terrae
981 2604 1053 2664 ab
1076 2604 1190 2664 illis
1219 2605 1376 2685 capi;
1408 2613 1777 2666 neumarum
1802 2607 2036 2685 quidem
2062 2607 2296 2685 longius

218 2705 401 2765 posse
418 2689 775 2767 procedere,
800 2689 965 2750 brevi
988 2689 1285 2768 incognita
1309 2690 1421 2752 nisi
1441 2690 1868 2752 immortalibus
1891 2711 2020 2752 esse
2045 2692 2302 2754 visuroS.

82 2777 88 2786 ¹
163 2783 201 2841 5
221 2772 451 2835 Paucos
477 2781 670 2834 tamen
698 2774 925 2852 navigio
952 2775 1143 2838 emisit
1167 2776 1229 2837 in
1254 2777 1460 2855 ripam,
1504 2777 1603 2856 qui
1627 2785 2106 2856 agrestesvagos
2137 2779 2302 2838 exei-

222 2866 459 2937 perent,
508 2877 543 2920 e
586 2859 799 2938 quibus
848 2859 1093 2921 certiora
1134 2862 1301 2922 nosci
1341 2881 1522 2942 posse
1567 2863 1860 2942 sperabat.
1927 2863 2013 2924 llli
2055 2864 2308 2924 scrutati

48 2963 54 2974 ²
160 2948 202 3010 6
220 2944 417 3005 omnia
434 2945 664 3024 tuguria
688 2946 923 3008 tandem
947 2948 1193 3009 latentes
1217 2965 1552 3028 repperere.
1597 2948 1712 3022 Qui
1733 2947 2091 3028 interrogati,
2117 2967 2306 3028 quam

55 3061 58 3068 ·
217 3032 428 3109 procul
450 3031 687 3092 abesset
712 3049 889 3105 mare,
917 3033 1373 3111 responderunt,
1405 3033 1628 3096 nullum
1659 3034 1821 3113 ipsos
1843 3039 2011 3096 mare
2038 3053 2114 3095 ne
2145 3037 2304 3097 fama

218 3114 457 3196 quidem
482 3117 811 3197 accepisse:
846 3126 1105 3180 ceterum
1129 3119 1302 3179 tertio
1330 3119 1426 3180 die
1453 3119 1746 3198 perveniri
1771 3137 1950 3200 posse
1976 3121 2048 3182 ad
2079 3139 2304 3200 aquam

216 3217 495 3278 amaram,
522 3221 667 3282 quae
688 3211 1090 3283 corrumperet
1114 3204 1362 3267 dulcem.
1406 3205 1768 3268 Intellectum
1789 3213 1896 3280 est,
1921 3224 2086 3268 mare
2111 3208 2304 3268 desti-

158 3285 202 3347 ⁷
216 3289 344 3348 uari
370 3289 486 3350 ab
466 3290 683 3367 ignaris
708 3297 951 3350 naturae
976 3287 1120 3349 eius.
1163 3287 1368 3378 Itaque
1388 3290 1622 3368 ingenti
1635 3287 1926 3353 alacritate
1947 3293 2178 3356 nautici
2200 3313 2299 3355 re-

216 3372 456 3451 migant,
486 3383 546 3436 et
566 3373 835 3454 proximo
864 3391 1098 3451 quoque
1122 3370 1234 3446 die,
1267 3393 1382 3457 quo
1410 3377 1656 3455 propius
1681 3395 1822 3456 spes
1848 3377 2300 3452 admovebatur,

216 3460 519 3539 erescebat
536 3459 715 3522 ardor
736 3458 1085 3528 animorum.
1132 3459 1371 3521 Tertio
1354 3477 1466 3522 iam
1493 3462 1588 3522 die
1607 3463 1848 3524 mixtum
1874 3463 2102 3526 flumini
2127 3464 2302 3526 subi-

278 3548 317 3580 ἢ
330 3559 529 3622 mare,
570 3544 689 3606 leni
722 3540 914 3606 adhue
946 3553 1115 3606 aestu
1140 3547 1538 3612 confundente
1563 3546 1856 3630 dispares
1845 3549 2072 3610 undas.
2137 3551 2298 3612 Tum
