2417 3900
599 64 740 125 Lis.
781 65 852 125 v.
897 62 1054 143 (ιιι.)
1101 64 1263 125 CAP.
1305 61 1379 123 11.
1426 46 1707 138 5...22‚·
2092 60 2174 124 73

121 182 544 245 Thesaurorum
569 180 854 243 Callicrati
886 180 1069 241 tutela
1087 179 1412 257 permissa.
1468 183 1739 263 Satrapia
1770 182 2029 262 regionis
2068 186 2181 247 Su·-
2206 182 2287 245 17

120 268 308 329 sianae
343 268 616 329 restituta
655 266 894 328 Abunti.
983 264 1229 325 Matrem
1264 284 1498 347 quoque
1544 269 1720 331 Darei
1758 278 1815 330 et
1861 270 2083 332 liberos
2118 270 2181 333 in

121 354 311 415 eadem
349 354 495 415 urbe
537 352 802 431 deponit.
887 350 974 411 Ae
1013 350 1164 411 forte
1211 350 1619 416 Macedonicas
1666 363 1865 415 vestes
1910 358 2183 429 multam,-
2211 354 2288 416 18

118 459 220 521 que
252 458 584 521 purpuram
622 437 782 498 dono
820 454 892 497 ex
922 435 1269 509 Macedonia
1296 437 1408 498 sibi
1444 439 1683 503 missam
1716 458 1848 519 cum
1886 441 2000 514 his,
2038 460 2217 520 quae·

116 527 522 597 confecerant,
590 522 740 583 tradi
789 521 1114 602 Sisygambi
1171 522 1362 586 iubet:
1434 527 1592 587 omni
1644 543 1898 607 namque
1956 528 2189 588 honore

115 630 238 673 eam
276 618 336 672 et
371 609 476 670 filii
510 626 746 689 quoque
780 608 998 689 pietate
1022 610 1521 689 prosequebatur,
1548 614 1973 693 admonerique
1998 612 2188 685 iussit,
2213 622 2292 683 19

109 705 193 772 ut,
228 696 278 757 si
315 696 480 757 cordi
508 712 744 775 quoque
779 693 956 757 vestis
983 702 1162 769 esset,
1198 698 1493 759 conficere
1532 716 1661 759 eam
1688 708 1896 778 neptes
1924 716 2063 759 suas
2092 716 2191 759 as-

16 802 19 807 ·
109 782 476 856 suefaceretf
493 781 788 861 donoque,
823 799 971 861 quae
1005 782 1307 858 docerent,
1342 784 1507 845 dare.
1570 785 1663 847 Ad
1687 786 1841 847 hanc
1861 804 2064 847 vocem
2102 786 2193 847 la-

112 868 328 930 crimae
346 866 585 929 obortae
601 868 918 948 prodidere
937 868 1197 929 animum
1218 870 1595 951 aspernantis
1612 871 1675 933 id
1696 888 1944 934 munus:
1969 870 2201 953 quippe

106 972 235 1017 non
270 953 424 1015 aliu'd
460 954 647 1033 magis
683 953 754 1029 in*
779 954 1193 1017 contumeliam
1228 956 1545 1019 Persarum
1580 958 1836 1021 feminae
1878 958 2189 1039 accipiunt,

108 1058 286 1121 quam
317 1039 632 1115 admovere
668 1038 835 1103 lanae
871 1059 1102 1105 manuS.
1146 1041 1443 1105 Nunciant
1468 1043 1571 1123 qui
1605 1044 1761 1107 dona
1784 1044 2062 1117 tulerant,
2086 1042 2194 1104 tri·
2213 1049 2299 1123 20

104 1135 260 1188 stem
290 1144 423 1187 esse
443 1125 852 1207 Sisygambim‚
875 1126 1174 1206 dignaque
1195 1147 1293 1189 res
1323 1128 1703 1191 excusatione
1730 1136 1789 1190 et
1814 1130 2025 1191 solatio
2051 1128 2196 1190 visa.
2259 1168 2280 1173 -

99 1211 242 1293 Ipse
271 1230 412 1292 ergo
440 1211 713 1292 pervenit
739 1212 815 1273 ad
847 1230 994 1287 eam,
1035 1222 1112 1285 et,
1139 1212 1343 1289 Mater,
1380 1214 1593 1294 inquit,
1618 1214 1777 1274 han‘c
1806 1222 2053 1287 vestem,
2082 1232 2199 1293 qna

99 1298 346 1361 indutus
371 1316 526 1372 sum,
553 1316 832 1359 sororum
855 1316 978 1359 non
1003 1299 1196 1358 solum
1221 1298 1463 1373 donum,
1490 1298 1601 1360 sed
1626 1298 1803 1359 etiam
1824 1317 1975 1378 opus
1999 1296 2197 1360 vides:
2327 1372 2338 1376 ‚

97 1384 296 1447 nostri
326 1384 622 1462 decepere
641 1400 740 1443 me
761 1400 983 1446 mores.
1029 1378 1497 1458 Cavesobsecro,
1518 1383 1582 1444 in
1606 1385 2017 1447 contumeliam
2042 1386 2198 1446 acci·
2218 1393 2301 1465 21

95 1471 237 1552 pias
259 1468 696 1549 ignorationem
715 1485 926 1529 meam.
970 1468 1136 1540 Quae
1158 1467 1243 1530 tui
1264 1469 1445 1529 moris
1462 1487 1603 1530 esse
1619 1461 1885 1548 cognobi,
1910 1479 1976 1531 ut
2001 1488 2200 1549 spero,
2264 1503 2285 1515 ·-

95 1556 352 1618 abunde
395 1563 626 1616 servata
661 1561 822 1616 sunt.
891 1553 1048 1627 Scio,
1084 1554 1245 1633 apud
1268 1572 1377 1615 vos
1404 1554 1523 1619 filio
1548 1555 1611 1617 in
1650 1563 1975 1636 conspeetu
1998 1556 2202 1619 matris
2220 1562 2304 1625 22

89 1643 282 1705 nefas
309 1658 442 1701 esse
471 1640 798 1715 considere,
821 1639 936 1701 nisi
961 1658 1142 1720 quum
1161 1639 1261 1701 illa
1284 1641 1571 1721 permisit.
1620 1642 2101 1723 Quotiescunque
2127 1642 2203 1705 ad

85 1738 164 1790 te
194 1723 354 1800 veni,
392 1726 602 1802 donec,
639 1735 704 1789 ut
735 1728 1128 1801 considerem,
1163 1744 1479 1804 annuerem
1516 1729 1726 1792 restiti.
1791 1728 2203 1793 Procumbens

83 1811 386 1875 venerari
421 1831 516 1873 me
549 1830 729 1893 saepe
753 1812 1022 1876 voluisti:
1059 1813 1310 1879 inhibui.
1376 1814 1767 1879 Dulcissimae
1803 1817 1975 1879 matri
2000 1816 2203 1897 Olym-
2270 1832 2277 1839 ·

86 1898 273 1982 piadi
301 1917 525 1964 nomen
557 1898 820 1963 debitum
845 1900 952 1964 tibi
979 1901 1189 1966 reddo.
1533 1958 1539 1962 ,
2172 1953 2175 1958 .
2284 1941 2292 1945 -

239 1986 403 2066 Cap.
424 1987 526 2049 111.
597 1986 856 2065 Mitigato
895 1988 1092 2050 animo
1129 1988 1255 2050 eius
1290 2005 1397 2050 rex
1428 1988 1651 2068 quartis
1692 1988 1901 2050 castris
1937 1985 2205 2067 pervenit
2226 1992 2263 2053 l
2295 2033 2303 2038 -

90 2072 183 2134 ad
200 2071 406 2152 Tigrin
433 2072 704 2136 fluvium:
729 2073 1041 2155 Pasitigrin
1065 2073 1297 2135 incolae
1320 2083 1553 2136 vocant.
1591 2073 1792 2134 Oritur
1815 2073 1880 2132 in
1903 2070 2206 2134 montibus

93 2157 401 2221 Uxiorum
437 2167 498 2220 et
529 2176 639 2238 per
664 2177 702 2218 1.
731 2159 919 2220 stadia
953 2159 1321 2220 silvestribus
1357 2158 1503 2236 ripis
1538 2175 1831 2237 praeceps
1870 2156 2025 2215 inter
2066 2171 2207 2214 saxa

92 2243 470 2307 devolvitur.
539 2242 850 2321 Accipiunt
873 2241 1092 2305 deind-e
1114 2261 1255 2306 enm
1284 2243 1499 2321 campi,
1542 2260 1693 2322 quos
1718 2238 2097 2302 clementiore
2124 2239 2207 2298 al-
2225 2241 2267 2302 2
2283 2285 2300 2292 „

89 2349 228 2394 veo
253 2326 566 2410 praeterit,
585 2326 704 2388 iam
729 2328 965 2392 navium
989 2327 1240 2408 patienti.
1286 2327 1577 2388 Sexcenta
1600 2334 1743 2388 sunt
1761 2323 1951 2388 stadia
1978 2322 2209 2386 mollio-

86 2418 194 2478 ris
222 2414 360 2490 soli,
387 2433 498 2494 per
520 2413 684 2492 quod
707 2413 827 2474 leni
861 2421 1052 2478 tractu
1077 2430 1365 2493 aquarum
1388 2413 1632 2475 Persico
1656 2412 1805 2479 mari
1822 2430 1899 2478 ,se
1930 2408 2205 2472 insinuat.

91 2499 498 2580 [Alexander]
523 2517 700 2560 amne
737 2508 1014 2579 superato
1043 2517 1178 2562 eum
1213 2518 1276 2560 rx
1298 2497 1535 2561 milibus
1562 2500 1828 2580 peditum
1856 2505 1913 2560 et
1936 2495 2303 2588 Agr·ianis·3¹

86 2585 546 2666 Satrianisque‚
577 2585 934 2648 Graecorum
961 2585 1465 2648 mercenariorum
1488 2585 1679 2648 tribus
1703 2585 1961 2659 milibus,
1990 2583 2206 2646 additis
2292 2631 2304 2637 -

85 2675 420 2757 Thracum
451 2672 630 2748 mille,
661 2671 726 2734 in
757 2673 1067 2752 regionem
1094 2671 1383 2734 Uxiorum·
1410 2671 1696 2752 pervenit.
1740 2670 2013 2735 Finitima
2038 2669 2209 2732 Susis

85 2769 212 2824 est
239 2760 383 2824 etin
408 2758 656 2840 primam
683 2759 992 2822 Persidem
1017 2758 1290 2832 excurrit,
1330 2765 1521 2822 artum
1546 2758 1705 2821 inter
1738 2777 1807 2820 se
1834 2765 1893 2821 et
1918 2757 2208 2820 Susianos

85 2844 350 2909 aditum
370 2845 730 2925 relinquens.
775 2844 1038 2908 Medates
1065 2853 1190 2906 erat
1213 2843 1476 2924 regionis
1502 2845 1855 2925 praefectus,
1872 2844 2035 2908 haud
2062 2861 2209 2906 sane
2228 2855 2272 2916 4

81 2944 461 3012 temporum
496 2931 706 2993 homo:
757 2931 974 3012 quippe
1013 2932 1217 2994 ultima
1251 2949 1361 3011 pro
1395 2932 1515 2993 fide
1554 2931 1809 3012 experiri
1846 2931 2209 2993 decreverat.

81 3019 246 3082 Sed
277 3017 452 3098 periti
485 3017 754 3083 locorum
777 3019 1178 3083 Alexandrum
1203 3017 1439 3093 docent,
1466 3017 1755 3081 occultum
1785 3018 1897 3080 iter
1930 3035 2067 3080 esse
2099 3033 2211 3098 per
2231 3012 2309 3095 5ss

83 3103 305 3170 calles
342 3111 401 3165 et
433 3123 704 3169 aversum
739 3105 814 3167 ab
838 3105 1017 3169 urbe:
1057 3105 1110 3168 si
1141 3121 1367 3186 pancos
1394 3103 1657 3169 misisset
1692 3101 1900 3167 leniter
1925 3111 2209 3170 armatos,

77 3187 312 3270 suaper
354 3189 542 3271 capita
585 3189 847 3252 hostium
897 3209 1201 3256 evasuros.
1274 3192 1473 3265 Quum
1516 3191 1829 3254 consilium
1872 3187 2211 3270 placuisset,
2230 3191 2273 3253 ὃ

75 3277 314 3343 iidem
345 3274 622 3338 itinerum
662 3277 1145 3350 fueruntdnces.
1199 3277 1357 3344 Mille
1388 3288 1450 3344 et
1471 3277 1809 3354 osmencede
1846 3267 2122 3365 conducti
2152 3275 2214 3330 et

75 3361 368 3442 Agriani
389 3362 515 3427 fere
537 3381 582 3424 u
604 3361 868 3424 Tauroni
893 3365 1192 3442 praefecto
1220 3364 1341 3428 dati
1366 3381 1439 3424 ac
1458 3373 1600 3442 post
1627 3362 1769 3425 selis
1794 3371 2071 3421 oceasum
2098 3360 2215 3410 lter·

71 3435 367 3528 ingredi
393 3447 558 3518 iussi.
614 3447 752 3527 Ipse
783 3447 1180 3526 tortiavigilia
1205 3448 1426 3512 cestris·
1450 3449 1629 3510 motis
1665 3447 1819 3508 eirca
1843 3437 1989 3500 lueis
2003 3441 2215 3532 ‘ortu-m
2232 3437 2275 3496 7

67 3545 376 3620 superat
399 3533 704 3616 angustias
729 3537 1023 3614 caesaque
1045 3533 1295 3600 materie
1314 3533 1573 3602 cratibus
1592 3540 1653 3592 et
1672 3524 1887 3609 pluteis
1908 3517 2215 3591 faciendis,
