2417 3900
500 148 644 213 ms.
684 151 807 212 vu.
843 150 972 232 (v.)
1015 107 1289 217 (nnn.
1336 150 1627 215 ιιι-38.
1987 150 2109 213 125

64 268 299 348 sepelire
323 270 748 349 permitterent,
772 269 1184 348 precabantur.
1226 272 1336 333 Diu
1359 272 1419 333 id
1442 278 1716 353 negatum
1746 277 1835 331 est
1853 270 2125 334 Cleandri
2143 268 2227 332 32

63 364 224 429 metu,
247 373 320 416 ne
339 357 674 416 offenderet
694 372 916 433 regem.
959 355 1321 419 Pertinacius
1345 357 1552 419 deinde
1576 355 1972 438 precantibus,
1999 376 2125 420 ma-

58 441 248 502 teriam
283 440 780 503 consternationis
817 440 1276 503 subtrahendam
1302 454 1479 517 ratuS,
1518 443 1707 523 capite
1735 442 1935 504 deciso
1962 438 2127 503 trun-

59 546 180 587 cum
209 528 456 588 humare
479 526 766 606 permisit.
809 526 896 587 Ad
924 546 1126 607 regem
1151 538 1326 610 caput
1350 529 1596 589 missum
1625 537 1733 591 est.

172 613 284 673 Hic
333 613 523 673 exitus
570 612 976 675 Parmenionis
1020 614 1154 689 fuit,
1207 615 1444 676 militiae
1490 614 1766 693 domique
1810 614 1953 675 clari
1998 610 2129 674 viri.
2148 610 2230 672 33

49 694 224 760 Multa
247 697 378 759 sine
405 714 544 776 rege
569 716 872 778 prospere,
897 718 998 761 rex
1025 700 1154 761 sine
1175 701 1275 762 illo
1297 700 1441 762 nihil
1466 716 1714 777 magnae
1735 700 1822 762 rei
1844 706 2129 779 gesserat.

47 779 408 843 Felicissimo
445 784 568 861 regi
593 792 672 845 'et
693 785 882 845 omnia
920 786 992 847 ad
1019 787 1294 849 fortunae
1317 806 1459 849 suae
1486 785 1739 864 exigenti
1760 785 2001 847 modum
2029 803 2129 847 sa-

45 868 282 929 tisfecit.
349 868 724 947 Septuaginta
762 878 932 933 natus
971 890 1163 933 annos
1189 873 1415 935 iuvenis
1454 872 1619 934 ducis
1649 880 1707 932 et
1740 890 1921 952 saepe
1946 864 2139 933 etiam'

45 952 301 1031 gregarii
335 953 526 1015 militis
569 955 765 1017 munia
807 958 1075 1038 explevit,
1121 977 1257 1021 acer
1301 959 1564 1033 consilio,
1609 977 1788 1020 manu
1827 967 2125 1035 strenuus,

39 1056 216 1100 carus
259 1038 650 1119 principibus,
694 1043 864 1121 vulgo
911 1044 1158 1107 militum
1205 1046 1517 1126 acceptior.
1588 1044 1747 1105 Haec
1785 1043 2129 1124 impulerint
2147 1045 2231 1107 34

41 1122 202 1185 illum
223 1125 297 1186 ad
320 1126 484 1225 regni
512 1127 885 1207 cupiditatem
907 1148 981 1190 an
1005 1138 1230 1191 tanturn
1257 1143 1597 1212 suspectum
1626 1129 1885 1203 fecerint,
1911 1128 2131 1206 ambigi

41 1218 262 1288 potest,
303 1212 438 1290 quia
471 1212 730 1275 Philotas
770 1213 990 1274 ultimis
1028 1215 1380 1277 cruciatibus
1420 1214 1607 1275 victus
1642 1232 1859 1273 verane
1900 1211 2129 1287 dixerit,

45 1314 194 1373 quae
219 1298 372 1358 facta
399 1298 642 1377 probari
669 1316 791 1357 non
819 1308 1112 1376 poterant,
1145 1318 1221 1359 an
1246 1301 1406 1361 falsis
1434 1307 1868 1359 tormentorum
1897 1296 2133 1376 petierit
2230 1303 2237 1311 '

41 1380 239 1455 finem,
266 1400 335 1442 re
363 1402 602 1461 quoque
627 1384 869 1455 recenti,
898 1402 1075 1461 quum
1104 1385 1287 1461 magis
1310 1391 1515 1464 posset
1535 1383 1776 1461 liquere,
1804 1381 2131 1443 dubitatum

41 1476 146 1528 est.
218 1467 568 1539 Alexander,
619 1485 768 1545 quos
812 1468 995 1528 libere
1033 1478 1286 1528 mortem
1324 1467 1730 1529 Parmenionis
1772 1475 2129 1546 conquestos
2150 1471 2231 1532 35

41 1568 174 1613 esse
197 1559 590 1632 compererat,
615 1553 980 1631 separandos
1004 1569 1036 1612 a
1063 1563 1257 1614 cetero
1284 1553 1539 1614 exercitu
1560 1563 1719 1615 ratus
1746 1553 1807 1613 in
1832 1570 2008 1612 unam
2030 1547 2131 1613 co-

35 1636 278 1700 hortem
303 1636 555 1699 secrevit
577 1638 902 1717 ducemque
927 1638 1018 1699 his
1043 1640 1361 1701 Leonidam
1390 1636 1565 1711 dedit,
1590 1647 1649 1699 et
1668 1637 1864 1717 ipsum
1887 1638 2131 1702 Parme-

35 1724 212 1784 nioni
257 1722 558 1802 quondam
601 1722 805 1784 intima
854 1725 1236 1787 familiaritate
1285 1725 1679 1787 coniunctum.
1754 1724 1915 1785 Fere
1946 1724 2130 1786 iidem
2149 1735 2233 1807 30

26 1817 236 1881 erant,
281 1825 430 1886 quos
455 1808 673 1887 alioqui
701 1828 802 1871 rex
841 1810 1124 1874 habuerat
1163 1812 1407 1874 invisoS.
1475 1812 1621 1873 Nam
1660 1828 1838 1890 quum
1876 1810 2129 1891 experiri

31 1894 220 1956 vellet
252 1891 496 1957 militum
523 1895 770 1972 animos,
809 1896 1129 1969 admonuit,
1169 1899 1267 1980 qui
1294 1898 1493 1961 literas
1526 1898 1587 1960 in
1616 1896 2017 1960 Macedoniam
2053 1896 2130 1959 ad

31 1997 183 2042 suos
204 1959 559 2060 scripsisset,
585 1981 697 2057 his,
726 2002 876 2063 quos
900 1984 1030 2064 ipse
1052 1983 1337 2072 mittebat,
1363 1984 1670 2065 perlaturis
1692 2003 1823 2046 cum
1847 1985 1982 2058 fide,
2007 1991 2131 2046 tra-

31 2065 232 2128 deret.
294 2067 648 2147 Simpliciter
670 2069 742 2130 ad
768 2063 1138 2132 necessarios
1160 2089 1302 2132 suos
1330 2071 1576 2149 quisque
1602 2070 1939 2147 scripserat,
1982 2087 2131 2148 quae

35 2151 364 2214 sentiebat:
403 2153 528 2214 aliis
556 2154 746 2232 gravis
773 2164 913 2226 erat,
946 2156 1246 2234 plerisque
1273 2173 1395 2215 non
1421 2155 1647 2231 ingrata
1672 2152 1892 2214 militia.
1956 2153 2045 2212 lta
2074 2162 2134 2214 et

37 2238 343 2316 agentium
377 2237 591 2313 gratias
632 2245 691 2298 et
726 2239 1094 2316 querentium
1134 2239 1340 2298 literae
1380 2246 1657 2315 exceptae
1694 2243 1850 2297 sunt.
1920 2235 1996 2295 Et
2034 2235 2133 2314 qui
2150 2244 2236 2307 37

41 2322 191 2384 forte
221 2321 484 2384 taedium
512 2321 731 2383 laboris
766 2341 874 2400 per
897 2323 1094 2384 literas
1129 2329 1298 2383 erant
1325 2323 1535 2400 questi,
1572 2322 1728 2380 hanc
1762 2336 2004 2381 seorsus
2032 2339 2133 2381 co-

35 2405 282 2471 hortem
325 2424 358 2466 a
393 2407 600 2469 ceteris
635 2406 880 2468 tendere
917 2407 1271 2488 ignominiae
1316 2424 1523 2468 caussa
1562 2405 1739 2479 iubet,
1786 2405 2131 2466 fortitudine

35 2509 261 2555 usurus
281 2491 344 2553 in
364 2493 537 2566 bello,
557 2491 882 2554 libertatem
903 2493 1134 2571 linguae
1151 2493 1225 2554 ab
1246 2491 1484 2554 auribus
1505 2491 1755 2554 credulis
1773 2501 2128 2555 remoturus,

33 2575 104 2640 Et
125 2576 471 2645 consilium,
489 2578 864 2642 temerarium
885 2579 1124 2640 forsitan
1145 2579 1389 2658 (quippe
1408 2576 1741 2639 fortissimi
1724 2595 1964 2642 iuvenes
1986 2593 2128 2641 con·
2186 2587 2225 2652 ,“

35 2664 306 2726 tumeliis
343 2663 550 2726 irritati
583 2662 797 2744 erant),
840 2665 991 2726 sicut
1031 2665 1227 2726 omnia
1264 2663 1371 2726 alia
1409 2664 1650 2727 felicitas
1687 2664 1843 2744 regis
1882 2666 2126 2748 excepit.

33 2747 196 2811 Nihil
229 2749 350 2810 illis
375 2751 447 2811 ad
473 2750 623 2811 bella
651 2751 981 2830 promptius
1007 2750 1128 2812 fuit.
1175 2750 1473 2818 Incitabat
1498 2751 1764 2819 virtutem
1792 2757 1851 2811 et
1876 2750 2127 2830 ignomi-
2145 2761 2230 2825 38

33 2836 171 2896 niae
198 2837 538 2898 demendae
563 2837 798 2916 cupido,
843 2844 901 2897 et
930 2836 1061 2916 quia
1090 2838 1258 2900 fortia
1296 2837 1491 2899 facta
1474 2857 1536 2898 ιιι
1563 2837 1763 2917 paucis
1788 2837 1969 2899 latere
2003 2859 2126 2903 non
2178 2857 2194 2888 '-

33 2929 344 2999 poterant.

163 3008 340 3085 Cap.
376 3007 470 3070 111.
516 3007 618 3068 His
653 3007 731 3068 ita
767 3006 1108 3088 compositis
1133 3007 1478 3082 Alexander,
1516 3007 1862 3068 Arianorum
1893 3000 2127 3090 satrape
2150 3017 2184 3077 1

37 3093 391 3164 constitute,
433 3094 545 3154 iter
578 3094 951 3172 pronunciari
979 3093 1141 3154 iubet
1175 3094 1236 3154 in
1263 3093 1619 3171 Arimaspos,
1662 3110 1811 3172 quos
1846 3094 1961 3155 iam
1987 3103 2128 3156 tunc

35 3189 280 3240 mutato
308 3179 544 3240 nomine
573 3181 886 3256 Euergetas
907 3180 1297 3262 appellabant,
1338 3197 1405 3239 ex
1435 3197 1548 3258 quo
1584 3177 1797 3257 frigore
1818 3181 2126 3255 victusque

35 3264 322 3344 penuria
333 3265 461 3344 Cyri
485 3266 796 3325 exercitum
821 3267 1088 3327 affectum
1114 3266 1282 3337 tectis
1310 3275 1367 3327 et
1394 3265 1815 3326 commeatibus
1839 3265 2124 3324 iuverant.

35 3349 317 3421 Quintus
343 3349 468 3410 dies
493 3356 633 3420 erat,
679 3357 745 3409 ut
769 3349 829 3409 in
868 3368 994 3410 eam
1022 3352 1321 3430 regionem
1356 3359 1722 3432 pervenerat.
1792 3345 2183 3426 cogn‘oscim

39 3435 515 3507 Satibarzanem,
545 3435 643 3532 qui
671 3434 744 3494 ad
771 3435 1019 3495 Bessum
1050 3437 1359 3510 deiecerat,
1403 3454 1529 3497 cum
1559 3435 1821 3513 equitum
1846 3449 2025 3492 manu
2045 3429 2127 3490 ir-

37 3521 298 3601 rupisse
320 3537 522 3581 rursus
546 3521 604 3580 in
632 3522 823 3580 Αιῐοε.
863 3520 1064 3598 ltaque
1089 3523 1374 3582 Caranum
1400 3530 1458 3580 et
1482 3518 1775 3596 Erigyium
1800 3535 1931 3576 cum
1957 3518 2128 3578 Arta-

39 3605 198 3669 bazo
225 3615 296 3667 et
313 3607 646 3668 Andronico
670 3614 730 3666 et
752 3623 857 3666 sex
881 3605 1114 3666 milibus
1133 3606 1492 3666 Graecorum
1518 3603 1779 3682 peditum
1800 3619 1873 3660 nc
1901 3603 2173 3679 equites·
