2417 3900
259 126 385 188 194
723 128 823 189 DE
868 125 1129 188 GEsTls
1171 122 1602 185 ALEXANDRI
1643 122 1882 185 MAGNI

187 256 237 316 9
255 247 471 307 oblitus
498 253 588 306 tot
620 245 827 307 civium
864 244 1086 304 animas
1121 244 1354 303 trahere
1385 250 1445 303 te
1476 242 1539 303 in
1567 239 1816 303 casum?
1857 242 2004 315 Quis
2043 241 2206 303 enim
2237 242 2370 313 tiu

253 340 560 411 superstes
586 338 686 392 aut
714 338 883 409 optat
902 348 1038 391 esse
1060 339 1161 389 aut
1186 325 1428 408 potest?
1469 327 1556 388 Eo
1580 326 1973 408 pervenimus,
2007 328 2369 407 auspicium

253 426 425 498 atque
450 417 762 495 imperium
786 415 1017 495 sequuti
1038 423 1222 489 tuum,
1247 414 1406 476 unde
1431 414 1545 474 nisi
1567 422 1626 474 te
1649 414 1868 473 reduce
1891 413 2033 475 nulli
2057 414 2133 475 ad
2156 432 2369 493 pena·-

152 510 342 574 mtes
380 520 524 565 suos
554 502 669 562 iter
702 510 810 562 est.
882 501 1107 573 Quodsi
1138 501 1334 561 adhuc
1365 500 1439 559 de
1463 499 1727 559 Persidis
1758 516 1946 577 regno
1976 518 2110 559 cum
2149 500 2371 565 Dareo.

252 589 582 662 dimicares,
623 587 733 647 etsi
768 590 945 648 nemo
978 586 1166 660 vellet,
1208 592 1408 645 tamen
1445 597 1524 644 ne
1548 584 1825 646 admirari
1849 584 2086 664 quidem
2111 594 2371 669 posset,

250 684 369 737 tam
407 683 717 754 promptae
750 690 885 733 esse
918 681 979 733 te
1013 672 1088 733 ad
1122 686 1301 732 omne
1339 669 1652 731 discrimen
1687 670 1984 731 audaciae.
2052 670 2213 732 Nam
2257 672 2371 737 ubi

250 761 418 841 paria
445 768 583 821 sunt
616 759 940 838 perieulum
974 775 1043 819 ac
1074 756 1425 854 praemium,
1467 763 1526 817 et
1559 756 1836 817 secundis
1857 752 2052 817 rebus
2087 758 2373 879 amplior}

154 851 227 913 11
253 848 478 907 fructus
508 853 599 905 est
629 854 687 907 et
712 844 973 905 adversis
1000 841 1269 905 solatium
1306 840 1514 903 maius.
1559 842 1692 911 Tuo
1725 855 1866 903 vero
1895 843 2084 923 capite
2106 843 2373 923 ignobi-3

254 932 369 992 lem
394 930 584 991 vicum
608 914 743 1003 'emi,
773 929 903 1007 quis
926 929 1091 1003 ferat,
1123 948 1248 989 non
1270 938 1505 988 tuorum
1531 928 1711 988 modo
1729 926 1997 1001 militum,
2026 930 2138 989 sed
2169 926 2373 992 ullius

153 1020 232 1083 12
255 1015 448 1097 gentis
488 1013 775 1075 barbarae
816 1014 974 1087 civis,
1026 1013 1122 1092 qui
1152 1021 1314 1075 tuam
1356 1012 1816 1091 magnitudinem
1847 1011 2052 1074 novit?
2125 1014 2358 1078 Horret

250 1102 481 1163 animus
504 1100 855 1178 cogitatione
874 1097 978 1174 rei,
1008 1116 1179 1197 quam
1208 1099 1405 1197 paullo
1431 1108 1565 1159 ante
1587 1099 1857 1160 vidimuS.
1902 1099 2116 1179 Eloqui
2143 1101 2354 1177 timeo,
2373 1063 2375 1155 Ῑ

247 1187 446 1249 invicti
466 1186 738 1265 corporis
766 1186 952 1267 spolia
986 1184 1372 1246 inertissimas
1399 1202 1608 1245 manus
1640 1184 1820 1246 fuisse
1849 1184 2194 1259 infecturas‚
2235 1188 2354 1248 nisi

251 1283 311 1335 te
352 1274 740 1353 interceptum
780 1270 1119 1333 misericors
1159 1270 1221 1330 in
1261 1288 1373 1331 nos
1413 1271 1646 1331 fortuna
1685 1280 1999 1332 servasset.
2063 1270 2352 1333 Totidem

249 1358 605 1443 proditores,
649 1356 893 1418 totidem
940 1357 1274 1417 desertores
1319 1372 1544 1429 sumuS,
1589 1363 1733 1434 quot
1773 1363 1834 1417 te
1875 1374 1994 1417 non
2035 1357 2377 1435 potuimus}

148 1454 230 1517 13
253 1444 545 1524 persequi.
590 1439 911 1505 Universos
933 1443 1067 1504 licet
1092 1442 1305 1503 milites
1330 1440 1650 1521 ignominia
1679 1450 1866 1515 notes,
1892 1458 2071 1502 nemo
2095 1460 2349 1505 recusa-

249 1531 335 1591 bit
360 1532 521 1591 luere
550 1529 629 1603 id,
678 1529 836 1609 quod
865 1546 943 1589 ne
974 1528 1324 1601 admitteret,
1372 1535 1671 1607 praestare
1699 1546 1823 1588 non
1851 1527 2060 1625 potuit.
2127 1528 2350 1592 Patere

152 1623 231 1685 14
251 1628 397 1690 nos,
412 1632 655 1695 quaeso,
684 1614 796 1676 alio
820 1613 1001 1674 modo
1030 1632 1163 1675 esse
1184 1612 1330 1674 viles
1355 1612 1480 1674 tibi.
1525 1612 1932 1691 Quocunque
1915 1614 2189 1688 iusseriS‚
2239 1618 2350 1677 ibi·

246 1720 400 1762 mus.
448 1700 713 1761 Obscura
748 1699 1006 1779 pericula
1044 1707 1103 1759 et
1134 1698 1424 1777 ignobiles
1450 1716 1678 1777 pugnas
1718 1697 1891 1759 nobis
1923 1699 2352 1779 deposcimus:

249 1786 646 1864 temetipsum
669 1785 742 1846 ad
772 1803 840 1845 ea
865 1802 1051 1857 serva,
1073 1801 1224 1861 quae
1243 1783 1702 1861 magnitudinem
1721 1794 1881 1845 tuam
1907 1786 2165 1863 capiunt.
2217 1786 2352 1849 Cito
2377 1824 2379 1827 <

250 1870 434 1947 gloria
462 1868 781 1930 obsolescit
811 1869 873 1931 in
909 1868 1167 1929 sordidis
1200 1868 1490 1942 hostibuS,
1535 1886 1648 1930 nec
1677 1868 1997 1951 quidquam
2032 1870 2351 1950 indignius

250 1963 358 2030 est,
391 1973 569 2034 quam
597 1955 863 2018 consumi
893 1973 1039 2030 eam,
1071 1955 1172 2016 ubi
1200 1969 1321 2015 non
1349 1955 1540 2033 possit
1566 1957 1819 2017 ostendi.
2380 1943 2381 2036 1

151 2048 233 2109 15
376 2041 596 2102 Eadem
626 2042 749 2103 fere
776 2041 1165 2115 PtolemaeuS,
1215 2048 1274 2100 et
1299 2039 1506 2102 similia
1531 2041 1622 2102 his
1649 2042 1847 2103 ceteri.
1913 2041 2154 2118 Iamque
2183 2039 2381 2103 con-³

249 2126 393 2188 susis
431 2126 676 2188 vocibus
712 2129 922 2188 flentes
960 2144 1093 2188 eum
1134 2126 1408 2202 orabant,
1453 2135 1517 2188 ut
1555 2127 1792 2189 tandem
1827 2127 2144 2188 exsatiatae
2179 2126 2352 2189 laudi

150 2218 229 2280 16
248 2213 489 2276 modum
526 2215 759 2286 faceret,
792 2212 1058 2296 ac‘saluti
1086 2231 1247 2284 suae,
1278 2213 1339 2273 id
1370 2223 1460 2274 est
1483 2213 1770 2293 publicae,
1803 2220 2088 2292 parceret.
2159 2211 2349 2275 Grata

249 2308 373 2360 erat
399 2298 523 2379 regi
550 2299 737 2381 pietas
760 2299 1103 2360 amicorum.
1147 2298 1352 2377 Itaque
1379 2299 1640 2376 singulos
1667 2298 2007 2361 familiarius
2031 2299 2348 2378 amplexus

149 2390 226 2450 17
248 2385 556 2447 considere
584 2385 761 2447 iubet.
807 2384 1113 2464 Altiusque
1136 2401 1412 2444 sermone
1438 2385 1704 2464 repetito,
1743 2384 1923 2446 Vobis
1934 2383 2208 2464 ‘quidem,
2245 2385 2346 2445 in-

247 2557 572 2636 habeoque,
616 2575 739 2618 non
778 2557 969 2618 solum
1014 2576 1085 2617 eo
1130 2557 1387 2629 nomine,
1429 2557 1586 2634 quod
1627 2557 1806 2618 hodie
1849 2551 2096 2618 salutem
2143 2575 2348 2618 meam

248 2650 475 2701 vestrae
501 2641 879 2722 praeponitiS,
908 2643 1013 2705 sed
1044 2642 1202 2723 quod
1233 2659 1266 2701 a
1290 2640 1627 2721 primordiis
1654 2642 1790 2704 belli
1818 2644 2043 2705 nullum
2069 2661 2216 2721 erga
2245 2663 2346 2704 me

245 2715 689 2788 benevolentiae
725 2726 940 2806 pignus
982 2735 1157 2807 atque
1196 2726 1480 2789 indicium
1517 2727 1814 2801 omisistiS,
1868 2730 2015 2790 adeo
2046 2736 2112 2790 ut
2145 2731 2348 2791 confi-

247 2811 487 2871 tendum
516 2813 610 2885 sit,
645 2831 944 2891 nunquam
970 2812 1113 2874 mihi
1136 2814 1312 2875 vitam
1335 2832 1528 2874 meam
1554 2814 1736 2875 fuisse
1755 2822 1876 2875 tam
1901 2833 2116 2883 caram,
2153 2833 2348 2892 quam

147 2901 226 2962 18
248 2915 379 2956 esse
407 2897 626 2991 coepit,
673 2909 737 2961 ut
760 2899 927 2960 vobis
965 2900 1063 2963 diu
1090 2901 1205 2961 frui
1239 2899 1486 2980 possim.
1553 2899 1822 2961 Ceterum
1857 2919 1979 2961 non
2005 2901 2220 2960 eadem
2253 2909 2348 2962 est

248 2974 518 3060 cogitatio
548 3001 769 3059 eorum,
813 2985 908 3063 qui
939 3004 1048 3064 pro
1087 3003 1183 3046 me
1219 2986 1372 3048 mori
1405 2994 1627 3066 optant,
1675 2995 1732 3047 et
1758 3003 1906 3060 mea,
1954 2986 2052 3066 qui
2091 2987 2344 3066 quidem

246 3070 399 3128 hanc
437 3069 901 3131 benevolentiam
938 3079 1193 3132 vestram
1227 3071 1437 3134 virtute
1475 3072 1760 3134 meruisse
1797 3091 1894 3133 me
1923 3073 2142 3133 iudico.
2213 3074 2342 3134 Vos

248 3154 400 3215 enim
430 3154 769 3217 diuturnum
796 3157 1045 3218 fructum
1076 3174 1148 3217 ex
1172 3175 1287 3232 me,
1314 3156 1560 3219 forsitan
1588 3157 1760 3219 etiam
1785 3167 2164 3239 perpetuum,
2199 3179 2341 3239 per-

248 3241 441 3320 cipere
478 3241 723 3322 cupitis.
765 3261 873 3321 ego
914 3259 1009 3302 me
1047 3241 1261 3304 metior
1291 3261 1416 3304 non
1451 3243 1656 3305 aetatis
1691 3244 1900 3323 spatio,
1953 3245 2058 3304 sed
2089 3245 2338 3324 gloriae.

148 3323 223 3383 19
246 3325 431 3388 Licuit
456 3328 715 3407 paternis
750 3327 963 3407 opibus
1002 3335 1278 3390 contento
1317 3329 1470 3392 intra
1500 3329 1880 3390 Macedoniae
1903 3330 2198 3393 terminos
2229 3349 2340 3412 per

248 3413 428 3473 otium
468 3415 733 3497 corporis
770 3421 1109 3493 exspectare
1146 3413 1456 3477 obscuram
1495 3425 1554 3478 et
1586 3415 1900 3495 ignobilem
1928 3426 2337 3479 senectutem:

246 3515 596 3577 quamquam
621 3520 697 3564 ne
721 3500 872 3582 pigri
898 3497 1132 3579 quidem
1162 3500 1276 3561 sibi
1305 3502 1420 3563 fata
1444 3503 1782 3582 disponunt,
1813 3501 1915 3562 sed
1943 3503 2190 3565 unicum
2222 3504 2337 3565 bo·-

246 3600 387 3644 num
415 3585 745 3650 diuturnam
772 3586 948 3652 vitam
976 3585 1374 3649 existimantes
1413 3607 1592 3671 saepe
1619 3587 1826 3650 acerba
1850 3605 2014 3650 mors
2042 3595 2336 3670 occupat=
