2417 3900
298 130 427 191 204
772 126 873 188 DE
916 118 1178 187 GESTIS
1223 122 1652 185 ALEXANDRI
1695 120 1936 183 MAGNI

292 249 600 328 regionum
646 247 978 326 praefectos
1014 242 1298 305 certiores
1319 239 1686 305 necessitatis
1720 258 1862 303 suae
1895 239 2052 301 fecit.
2093 237 2228 301 Nee.
2253 258 2378 301 ces-

194 340 279 404 18
297 344 486 397 satum
511 341 601 405 est
619 333 692 393 ab
710 332 825 393 his.
870 331 1075 410 ltaque
1095 330 1250 389 fame
1271 328 1568 389 dumtaxat
1583 326 1910 389 vindicatus
1930 326 2228 387 exercitus
2251 334 2378 387 tan—

195 427 279 489 19
298 421 432 482 dem
454 419 515 479 in
539 417 853 479 Cedrosiae
877 417 1027 479 fines
1054 414 1412 495 perducitur.
1458 412 1735 475 Omnium
1774 429 1972 473 rerum
2011 410 2140 471 sola
2167 410 2380 471 fertilis

293 506 459 584 regio
480 510 588 577 est,
611 504 674 565 in
700 521 815 583 qua
836 502 1044 563 stativa
1062 500 1282 574 habuit,
1305 509 1373 561 ut
1394 505 1628 561 vexatos
1651 496 1863 559 milites
1881 497 2076 577 quiete
2095 496 2378 559 firmaret.

293 592 407 653 fflc
429 589 715 651 Leonnati
736 588 935 650 literas
962 586 1202 667 accepit,
1243 584 1580 647 conflixisse
1603 584 1798 663 ipsum
1825 601 1956 645 cum
1983 589 2117 644 octo
2141 580 2381 644 milibus

294 676 559 757 peditum
598 684 659 736 et
674 672 1023 755 ⁴quingentis
1062 670 1356 751 equitibus
1381 672 1672 733 Oritarum
1711 686 2000 749 prospero
2025 675 2268 729 eventu.
2336 670 2380 729 A

295 762 538 824 Cratero
559 778 795 841 quoque
816 758 1065 821 nuncius
1084 758 1259 831 venit,
1283 756 1506 819 Ozinen
1525 765 1586 817 et
1601 755 1956 835 Zariaspem‚
1982 752 2218 815 nobiles
2236 754 2380 815 Per-

194 855 281 919 20
302 864 420 920 sas,
444 847 835 909 defectionem
854 844 1161 907 molientes
1180 861 1504 922 oppressos
1523 860 1556 903 a
1577 858 1644 903 se
1660 842 1720 901 in
1743 839 1984 902 vinculis
2003 856 2158 900 esse.
2201 839 2382 902 Prae·

300 929 495 1011 posito
524 931 703 1010 igitur
734 930 962 1010 regioni
986 928 1237 1008 Sibyrtio
1277 924 1564 1009 (namque
1584 927 1822 1000 Menon,
1855 925 2199 1007 praefectus
2235 926 2378 999 eius,

194 1021 277 1086 21
298 1034 492 1098 nuper
514 1014 812 1077 interierat
836 1012 1078 1094 morbo)
1105 1014 1166 1073 in
1192 1012 1558 1075 Carmaniam
1581 1013 1714 1094 ipse
1738 1010 2049 1092 processit.
2091 1010 2380 1090 Aspastes

300 1111 426 1163 erat
450 1109 717 1183 satrapes
742 1100 951 1181 gentis,
976 1106 1288 1179 suspectus
1307 1118 1403 1161 res
1421 1118 1642 1160 novare
1663 1098 1937 1172 voluisse,
1961 1097 2102 1157 dum
2121 1096 2182 1157 in
2203 1096 2386 1158 India

296 1206 401 1249 rex
432 1195 609 1249 esset.
656 1188 847 1261 Quem
880 1193 1286 1248 occurrentem
1321 1185 1682 1247 dissimulata
1714 1184 1800 1245 ira
1829 1183 2078 1246 comiter
2103 1181 2390 1261 alloquu-

297 1282 414 1345 tus,
454 1274 595 1335 dum
620 1274 952 1353 exploraret
973 1288 1121 1352 quae
1148 1271 1336 1333 delata
1361 1279 1546 1344 erant,
1583 1270 1644 1331 in
1669 1271 1878 1331 eodem
1903 1268 2132 1330 honore
2151 1266 2386 1331 habuit.

195 1371 279 1435 22
430 1360 621 1431 Quum
645 1358 783 1420 inde
805 1357 1101 1438 praefecti,
1126 1356 1278 1419 sicut
1293 1357 1812 1437 imperatumxeran
1839 1372 2128 1435 equorum
2149 1352 2386 1436 iumen-

296 1451 612 1525 torumque
652 1444 931 1523 iugalium
962 1443 1080 1504 vim
1114 1441 1419 1523 ingentem
1461 1462 1535 1505 ex.
1568 1442 1746 1514 omni,
1790 1458 1942 1519 quae
1981 1440 2090 1501 sub
2129 1437 2380 1519 imperio

302 1539 444 1604 erat,
490 1530 733 1609 regione
761 1530 1077 1601 misissent,
1122 1528 1336 1608 quibus
1365 1528 1612 1591 deerant
1635 1527 2070 1606 impedimenta,
2107 1525 2381 1587 restiniit.

195 1624 279 1688 23
298 1616 475 1675 Arma
512 1624 746 1695 quo'que
788 1616 863 1677 ad
895 1615 1207 1695 pristinum
1251 1615 1470 1676 refecta
1503 1622 1641 1675 sunt
1677 1614 1922 1675 cultum:
1950 1610 2188 1691 ‘quippe
2224 1611 2382 1673 haud

298 1700 507 1779 procul
528 1719 561 1760 a
582 1700 826 1762 Perslde
855 1701 1098 1760 aberant
1120 1718 1239 1760 non
1273 1709 1480 1779 pacata
1505 1699 1702 1767 modo,
1747 1698 1856 1759 sed
1879 1698 2052 1759 etiam
2075 1697 2379 1776 opulenta.

195 1793 281 1855 24
300 1784 500 1862 Igitur,
536 1794 599 1845 ut
620 1801 799 1864 supra
828 1785 1043 1845 dictum
1072 1794 1177 1857 est,
1213 1786 1534 1846 aemulatus
1567 1784 1748 1864 patris
1772 1783 1964 1844 Liberi
1991 1800 2114 1843 non
2141 1782 2410 1924 gloriatui

302 1868 511 1941 solum,
533 1886 703 1947 quam
724 1868 921 1929 exiliis
942 1870 1214 1949 gentibus
1235 1869 1662 1950 deportaverat,
1681 1869 1788 1930 sed
1809 1870 1982 1930 etiam
2003 1870 2245 1942 famam,
2269 1868 2382 1930 sive

297 1953 441 2014 illud
474 1954 809 2033 triumphus
841 1955 951 2015 fuit
982 1955 1058 2014 ab
1086 1973 1155 2015 eo
1189 1955 1443 2033 primum
1483 1957 1780 2021 institutus
1807 1957 1930 2016 sive
1964 1955 2407 2038 bacchantium¹

194 2037 482 2113 251usnS‚
507 2039 706 2102 statuit
725 2039 957 2114 imitari,
984 2040 1180 2102 animo
1203 2059 1384 2120 super
1401 2041 1725 2108 humanum
1745 2042 2038 2118 fastigium
2063 2041 2248 2102 elato.
2292 2039 2407 2102 Vi-³

298 2143 419 2199 cos,
458 2143 569 2206 per
590 2143 737 2206 quos
766 2125 879 2188 iter
904 2135 1045 2200 erat,
1088 2125 1335 2187 floribus
1365 2128 1716 2208 coronisque
1740 2127 1924 2189 sterni
1949 2126 2133 2199 iubet,
2169 2067 2407 2197 limini-i

294 2209 411 2272 bus
444 2210 677 2273 aedium
706 2220 963 2273 crateras
987 2211 1122 2272 vino
1156 2213 1410 2291 repletas
1449 2222 1506 2273 et
1539 2213 1648 2274 alia
1685 2213 1926 2274 eximiae
1959 2211 2382 2289 magnitudinis

293 2313 433 2357 vasa
458 2297 721 2379 disponi3
748 2297 1012 2362 vehicula
1036 2296 1251 2360 deinde
1278 2307 1591 2372 constrata,
1620 2307 1684 2360 ut
1708 2299 1904 2380 plures
1929 2314 2148 2376 capere
2167 2297 2386 2359 milites

297 2392 560 2461 possent,
602 2383 664 2445 in
686 2383 1197 2445 tabernaculorum
1232 2385 1472 2446 modum
1499 2384 1714 2458 ornari,
1757 2384 1865 2445 alia
1909 2381 2180 2444 candidis
2217 2383 2405 2469 velis&

193 2475 277 2540 26
299 2469 409 2528 alia
436 2476 599 2529 veste
623 2469 903 2549 pretiosa.
947 2468 1129 2532 Primi
1154 2469 1318 2531 ibant
1343 2469 1512 2530 amici
1539 2479 1596 2531 et
1623 2470 1835 2532 cohors
1862 2468 2040 2546 regia,
2079 2468 2264 2530 variis
2289 2487 2394 2530 re-

300 2553 497 2614 dimita
518 2553 764 2616 floribus
790 2555 1171 2635 coronisque3
1201 2555 1335 2616 alibi
1358 2555 1662 2616 tibicinum
1685 2563 1914 2627 cantus,
1937 2550 2072 2616 alibi
2097 2554 2270 2634 lyrae
2289 2574 2396 2616 so-

297 2655 411 2698 nus
437 2637 810 2703 audiebatur:
857 2641 997 2702 item
1031 2639 1095 2701 in
1122 2639 1401 2703 vehiculis
1430 2659 1540 2720 pro
1577 2640 1744 2721 copia
1769 2640 2052 2720 cuiusque
2073 2639 2392 2702 adornatis

298 2723 789 2786 comissabundus
814 2724 1121 2800 exercituS‚
1141 2725 1340 2799 armis,
1367 2743 1518 2805 quae
1539 2725 1789 2788 maxime
1811 2727 2025 2787 decora
2047 2735 2247 2800 erant,
2279 2727 2394 2788 cir-

298 2810 847 2888 cumpendentibus.
914 2811 1116 2890 Ipsum
1162 2810 1554 2892 convivasque
1599 2831 1804 2874 currus
1845 2811 2098 2874 vehebat
2135 2813 2390 2874 cmteris

194 2904 280 2967 27
298 2893 489 2954 aureis
520 2894 902 2977 eiusdemque
926 2897 1207 2958 materiae
1230 2897 1566 2976 ingentibus
1595 2899 1821 2979 poculis
1849 2895 2212 2978 praegravis.
2261 2897 2401 2958 noc}

295 2978 478 3039 modo
516 2997 626 3061 per
660 2982 785 3044 dies
824 2989 1051 3063 septem
1089 2982 1580 3045 bacchabundum
1621 3001 1831 3064 agmen
1863 2981 2126 3056 incessit,
2178 2991 2383 3064 parata

296 3064 534 3146 praeda,
562 3066 611 3128 si
634 3067 775 3146 quid
799 3067 966 3130 victis
988 3067 1196 3131 saltem
1218 3070 1502 3132 adversus
1523 3071 1914 3132 comissantes
1937 3069 2118 3130 animi
2143 3071 2376 3134 fuisset:

294 3151 450 3213 mille
475 3150 735 3226 hercule‚-
752 3153 862 3216 viri
886 3154 1066 3216 modo
1092 3162 1153 3215 et
1172 3153 1374 3228 sobrii,
1399 3163 1628 3236 septem
1649 3157 1876 3218 dierum
1901 3156 2146 3235 crapula
2175 3171 2374 3236 graves

118 3309 129 3322 .
191 3240 277 3305 28
294 3237 357 3300 in
382 3257 489 3299 suo
509 3238 807 3320 triumpho
830 3257 1045 3320 capere
1060 3246 1398 3319 potuerunt.
1445 3239 1564 3303 Sed
1590 3243 1842 3315 fortuna,
1869 3257 2020 3321 quae
2043 3241 2399 3303 robusta-¹

294 3342 450 3384 mam
478 3325 849 3405 pretiumque
886 3324 1202 3400 constitnit,
1243 3324 1341 3386 hie
1365 3345 1598 3407 quoque
1635 3327 1871 3390 militiae
1893 3325 2191 3408 probi-um
2217 3325 2378 3388 vertit

292 3409 354 3469 in
384 3410 647 3488 gloriam.
710 3411 785 3472 Et
818 3429 1105 3490 praesens
1147 3420 1309 3472 aetas
1345 3422 1405 3474 et
1434 3412 1752 3494 posteritas
1778 3413 1994 3474 deinde
2025 3407 2261 3474 mirata
2283 3417 2384 3480 est,

290 3511 404 3572 per
429 3507 634 3573 gentes
659 3497 925 3561 nondum
950 3498 1091 3560 satis
1118 3497 1368 3559 domitas
1401 3498 1719 3560 incessisse
1737 3498 2117 3571 temulentos,
2165 3499 2397 3560 barba-x

192 3574 277 3638 29
292 3577 392 3653 ris,
421 3584 581 3660 quod
604 3583 902 3648 temeritas
926 3591 1068 3660 erat,
1092 3581 1370 3646 fiduciam
1395 3601 1530 3648 esse
1551 3584 1944 3648 credentibus.
1989 3583 2172 3646 Hune
2193 3601 2388 3666 appa-
