2417 3900
593 80 738 143 Lis.
778 78 1699 157 vu.(v.)cAP.vi.1-21.
1843 122 1848 127 -
2019 80 2187 143 ’185

125 200 338 280 aequali
364 219 472 261 usu
498 200 862 279 principibus
881 197 1225 259 humiliores
1250 216 1425 275 pares
1450 201 1731 264 fecerant.
1786 199 1911 261 Hos
1932 200 2195 280 benigne
2209 195 2299 261 12

120 288 442 365 alloquutus
493 286 574 345 ad.
618 302 724 344 eos
767 283 1043 361 Scytha-s,
1085 280 1187 361 qui
1232 283 1531 362 Europam
1564 285 1863 359 incolunt,
1908 286 2196 348 Penidam

118 372 406 450 quendam
429 370 589 431 misit
605 388 682 429 ex
698 366 924 440 amiciS,
949 366 1049 445 qui
1071 368 1453 430 denunciaret
1466 369 1577 444 his,
1602 389 1679 441 ne
1695 370 1940 451 Tanaim
1960 388 2196 433 amnem

109 457 368 535 regionis
389 456 626 517 iniussu
649 453 808 530 regis
836 452 1173 515 transirent.
1216 452 1808 531 Eidemmandatum,
1838 464 1905 517 ut
1930 464 2198 518 contem-

108 545 376 623 plaretur
391 542 662 601 locorum
677 538 856 599 situm
873 546 934 598 et
945 537 1078 599 illos
1099 540 1336 617 quoque
1354 538 1617 618 Scythas,
1640 542 1739 621 qui
1759 560 1943 621 super
1958 540 2195 619 Bospo-

106 648 220 689 ron
239 627 524 699 incolunt,
543 624 774 686 viseret.
823 624 1178 686 Condendae
1197 623 1336 687 urbi
1350 624 1555 687 sedem
1576 644 1755 705 super
1768 628 1957 707 ripam
1979 624 2197 687 Tanais
2216 625 2299 689 13

107 715 391 791 elegerat,
430 711 742 771 claustrum
771 718 828 771 et
851 709 968 771 iam
998 709 1487 790 perdomitorum,
1526 718 1585 771 et
1610 730 1760 789 quos
1788 711 2003 774 deinde
2032 710 2213 773 adire-

105 800 476 859 decreverat.
545 796 665 857 Sed
705 795 1007 859 consilium
1047 795 1276 857 distulit-
1298 796 1737 876 Sogdianorum
1774 799 2049 862 nunciata
2088 797 2199 859 de-

107 883 308 958 fectio,
355 901 502 963 quae
535 882 878 943 Bactrianos
911 899 1150 962 quoque
1187 883 1379 945 traxit.
1447 883 1695 963 Septem
1732 883 1890 945 milia
1928 882 2195 963 e'quitum
2214 880 2300 942 14

109 977 298 1043 erant,
323 986 568 1047 quorum
593 968 1002 1031 auctoritatem
1026 968 1205 1029 ceteai
1232 968 1653 1048 sequebantur.
1694 969 2027 1032 Alexander
2054 970 2193 1049 Spi-

103 1056 400 1115 tamenem
427 1062 484 1115 et
501 1054 800 1129 Cateuem,
820 1072 857 1113 a
885 1052 1098 1132 quibus
1125 1054 1182 1115 ei
1202 1054 1451 1116 traditus
1476 1064 1605 1117 erat
1624 1055 1860 1131 BessuS,
1886 1057 2048 1119 haud
2078 1056 2193 1117 du-

99 1140 258 1213 biuS,
291 1138 431 1224 quin
455 1157 663 1201 eorum
691 1142 875 1219 opera
895 1138 1086 1217 redigi
1110 1148 1359 1220 possent
1382 1140 1441 1201 in
1466 1147 1841 1219 potestatem,
1884 1141 1989 1219 qui³
2008 1156 2195 1200 nova-

103 1232 310 1286 verant
333 1244 450 1297 ωε,
491 1225 663 1287 iussit
686 1222 932 1285 accersi.
975 1224 1049 1283 At
1072 1222 1168 1297 illi,
1197 1224 1562 1297 defectionis,
1600 1225 1675 1283 ad
1704 1242 1879 1303 quam
1906 1230 2191 1285 coereen-
2213 1228 2295 1290 16

99 1312 238 1371 dam
257 1310 674 1384 evocabantur,
697 1318 992 1382 auctores,
1015 1308 1393 1385 vulgaverant
1408 1310 1639 1383 ramam,
1650 1308 2006 1371 Bactrianos
2024 1308 2195 1388 equi-

97 1405 190 1457 tes
209 1415 244 1457 a
263 1413 405 1473 rege
425 1412 654 1467 omnes,
675 1402 740 1455 ut
759 1391 1189 1465 occiderentur,
1211 1393 1449 1467 accersi,
1467 1392 1645 1471 idque
1667 1392 2021 1473 imperatum
2043 1393 2195 1473 ipsis

95 1500 224 1543 non
247 1478 608 1561 sustinuisse
631 1487 832 1540 tam-en
859 1476 1120 1556 exsequi,
1147 1495 1225 1537 ne
1247 1439 1643 1556 inexpiabile
1626 1496 1686 1537 m
1712 1479 2029 1558 populares
2050 1480 2197 1540 faci-

95 1586 216 1629 nus
251 1550 652 1627 admitterent.
718 1564 854 1628 Non
891 1562 1080 1640 magis
1113 1562 1430 1643 Alexandri
1472 1562 1769 1623 saevitiam
1810 1581 1985 1643 quam
2024 1563 2200 1626 Bessi

95 1649 487 1732 parricidium
513 1651 668 1710 ferre
691 1648 979 1729 potuisse.
1048 1634 1255 1729 Itaque
1279 1666 1385 1709 sua
1414 1655 1626 1729 sponte
1660 1649 1778 1711 iam
1807 1657 2003 1713 motos
2029 1658 2198 1713 metu

93 1753 338 1817 poenae
365 1734 523 1796 haud
551 1735 864 1797 difficulter
887 1734 1333 1796 concitaverunt
1359 1735 1431 1796 ad
1460 1753 1640 1795 arma.

237 1820 566 1881 Alexander
588 1824 1024 1901 transfugarum
1051 1820 1383 1883 defectione
1421 1828 1722 1902 comperta
1750 1821 2051 1883 Craterum
2079 1819 2192 1885 ob-
2215 1817 2299 1881 16

91 1906 302 1970 sidere
325 1906 654 1986 Cyropolim
677 1908 858 1984 iubet,
901 1907 1032 1987 ipse
1058 1906 1227 1970 aliam
1256 1908 1466 1970 urbem
1498 1907 1757 1987 regionis
1784 1907 2051 1969 eiusdem
2088 1924 2195 1970 co·-

91 1996 251 2054 rona
279 1993 450 2072 capit,
477 1994 783 2075 signoque,
819 2002 884 2056 ut
909 1993 1166 2074 pub-eres
1192 1994 1685 2068 interficerentur,
1714 1995 1872 2068 dato,
1895 1993 2106 2072 reliqui
2127 1993 2193 2054 in

93 2079 382 2159 praedam
411 2096 644 2140 cessere
673 2079 936 2141 victorie.
999 2079 1156 2140 Urbs
1192 2080 1384 2141 diruta
1411 2089 1519 2153 est,
1560 2089 1624 2140 ut
1654 2079 1827 2139 ceteri
1857 2077 2037 2138 cladis
2066 2079 2193 2140 eius

95 2163 374 2242 exemplo
399 2165 858 2226 continerentur.
903 2163 1247 2234 Memaceni,
1271 2164 1459 2223 valida
1480 2181 1647 2240 genS,
1674 2161 2051 2222 obsidionem
2070 2181 2195 2223 non
2216 2167 2301 2230 17

93 2259 164 2312 ιιι
192 2247 598 2308 honestiorem
623 2250 824 2322 modo,
861 2248 968 2308 Sed
997 2248 1172 2308 etiam
1193 2255 1262 2306 ut
1296 2249 1574 2308 tutiorem
1608 2249 1765 2307 ferre
1791 2246 2199 2308 decreverant.

93 2334 195 2397 Ad
223 2349 476 2412 quorum
503 2333 879 2410 pertinaciam
902 2331 1285 2410 mitigandam
1306 2349 1413 2393 rex
1436 2351 1473 2392 L
1498 2330 1724 2410 equites
1746 2329 2067 2408 praemisit,
2096 2331 2199 2409 qui

93 2418 482 2482 clementiam
503 2417 690 2496 ipsius
714 2419 776 2480 in
809 2417 1040 2480 deditos
1073 2417 1365 2496 simulque
1398 2415 1819 2478 inexorabilem
1846 2414 2109 2476 animum
2132 2415 2197 2476 in

93 2506 372 2569 devictos
397 2504 798 2566 ostenderent.
843 2503 929 2566 Illi
951 2521 1064 2564 nec
1083 2501 1160 2578 de
1185 2502 1308 2563 fide
1324 2521 1437 2564 nec
1461 2501 1537 2563 de
1560 2501 1825 2582 potentia
1849 2501 2009 2580 regis
2030 2501 2195 2582 ipsos
2216 2504 2299 2568 18

95 2590 374 2654 dubitare
399 2590 786 2670 respondent,
815 2588 1156 2670 equitesque
1179 2589 1427 2650 tendere
1452 2596 1613 2682 extra
1638 2587 2001 2652 munimenta
2026 2589 2199 2651 urbis

95 2677 330 2738 iubent.
375 2674 756 2756 Hospitaliter
779 2675 998 2738 deinde
1019 2682 1299 2754 exceptos
1326 2669 1650 2755 gravesque
1677 2673 1867 2754 epulis
1894 2683 1953 2736 et
1980 2693 2192 2738 somno
2244 2730 2250 2734 .

96 2763 463 2843 intempesta
495 2771 672 2824 nocte
705 2761 898 2824 adorti
939 2761 1378 2823 interfecerunt.
1445 2762 1777 2823 Alexander
1806 2761 1966 2823 haud
1996 2769 2296 2838 secuS,19

99 2865 284 2940 quam
315 2865 428 2927 par
459 2857 602 2923 erat,
643 2856 840 2910 motus
871 2847 1085 2908 urbem
1119 2850 1341 2908 corona
1378 2848 1765 2911 circumdedit
1796 2849 2192 2926 munitiorem,
2250 2909 2255 2913 .

99 2929 286 3013 quam
309 2941 376 2995 ut
396 2933 587 3012 primo
605 2935 832 3015 impetu
853 2933 984 3014 capi
1009 2941 1233 3012 posset.
1276 2933 1478 3011 Itaque
1496 2933 1848 3013 Meleagrum
1874 2944 1932 2996 et
1948 2935 2193 2998 Perdic-

101 3037 237 3082 cam
259 3017 320 3080 in
349 3019 716 3082 obsidionem
741 3018 950 3100 iungit,
989 3017 1341 3100 Cyropolim,
1382 3027 1448 3080 ut
1472 3025 1607 3080 ante
1636 3020 1853 3083 dictum
1879 3033 1986 3097 est,
2029 3023 2191 3084 obsi-

101 3103 341 3166 dentes.
406 3105 697 3168 Statuerat
725 3115 920 3168 autem
951 3123 1198 3186 parcere
1230 3105 1361 3168 urbi
1396 3105 1671 3169 conditae
1698 3124 1731 3168 a
1758 3109 1924 3188 Cyro,
1968 3109 2190 3186 quippe
2208 3104 2295 3168 2⁰

101 3209 230 3252 non
249 3191 425 3252 alium
444 3193 703 3272 gentium
717 3192 950 3254 illarum
965 3192 1153 3272 magis
1171 3192 1495 3254 admiratus
1515 3201 1603 3254 est
1622 3213 1792 3274 quam
1810 3197 1973 3257 hunc
1987 3207 2190 3268 regem
2302 3183 2317 3244 ἶ

101 3285 168 3338 et
203 3276 590 3350 Semiramim,
638 3293 790 3356 quos
829 3284 890 3338 et
928 3279 1333 3358 magnitudine
1370 3278 1547 3340 animi
1592 3287 1651 3340 et
1687 3281 1945 3342 claritate
1991 3291 2191 3336 rerum

105 3361 288 3440 longe
308 3363 620 3424 emicuisse
639 3361 932 3424 credebat.
965 3364 1234 3426 Ceterum
1252 3364 1577 3445 pertinacia
1592 3367 2023 3462 oppidanorum
2040 3358 2189 3420 iram
2208 3359 2292 3421 21

111 3445 242 3510 eius
267 3449 552 3510 accendit.
607 3445 810 3526 Itaque
835 3456 1062 3526 captam
1085 3451 1294 3511 urbem
1321 3452 1493 3530 diripi
1516 3449 1687 3511 iussit
1710 3455 1769 3507 et
1792 3442 1994 3506 deleri.
2040 3443 2193 3507 Tum

111 3533 472 3630 Memacenis
509 3532 668 3594 haud
705 3532 916 3594 iniuria
937 3534 1208 3598 infestus
1252 3536 1326 3598 ad
1358 3537 1717 3611 Meleagrum
1758 3536 1817 3591 et
1848 3527 2220 3594 Perdiccam
