2417 3900
276 129 401 193 174
714 128 839 193 ΒΕ
881 128 1153 222 ΕιΕΞΤῙΒ,
1174 126 1622 191 ,ΑΒΕΧΑΝΒΒΙ
1660 124 1906 187 MAGNI

276 251 507 329 daspen
544 266 781 311 amnem
814 248 1120 327 regnabat,
1158 258 1223 310 et
1253 246 1389 309 belli
1410 247 1728 316 fortunam,
1771 242 2043 321 quisquis
2067 261 2226 305 arma
2260 246 2346 307 in-

177 342 260 407 14
278 337 471 409 ferret,
522 334 771 413 experiri
812 334 1169 399 decreverat.
1237 332 1489 413 Omphis
1525 330 1898 412 permittente
1929 330 2262 391 Alexandro
2298 340 2348 392 et

266 422 503 500 regium
528 420 760 498 insign-e
786 420 1041 500 sumpsit
1064 428 1121 481 et
1144 438 1314 481 more
1339 419 1527 498 gentis
1554 434 1696 477 suae
1719 432 1958 487 nomen,
1987 416 2146 494 quod
2173 420 2349 495 patris

277 510 485 572 fuerat.
546 506 790 588 Taxilen
816 507 1185 587 appellavere
1209 506 1550 584 populares,
1594 508 1878 581 sequente
1905 502 2148 563 nomine
2171 502 2350 582 impe-

178 593 450 665 153ium,
471 593 533 653 in
562 592 1288 671 quemcunquetransiret.
1334 590 1516 669 Igitur
1539 606 1718 667 quum
1743 605 1856 666 per
1873 587 2134 649 triduum
2153 588 2351 669 hospi-

238 728 245 735 .
275 680 467 743 taliter
496 678 891 740 Alexandrum
924 678 1264 757 accepisset,
1313 684 1520 755 quarto
1561 674 1657 733 die
1694 681 1753 733 et
1779 680 2060 752 quantum
2085 675 2350 737 frumenti

266 764 483 843 copim,
512 781 659 843 quas
676 763 1079 842 Hephaestion
1102 764 1364 837 duxerat,
1386 760 1714 841 praebitum
1737 778 1772 819 a
1793 777 1860 821 se
1885 768 2064 833 esset,
2085 762 2348 833 ostendit,

275 861 339 911 et
360 867 573 911 aureas
604 867 860 911 coronas.
884 850 997 929 ipsi
1032 848 1354 927 amicisque
1389 846 1936 928 omnihusxpraeter
1965 846 2120 907 haec
2151 848 2348 927 signati

178 937 257 998 16
273 935 506 1013 argenti
530 952 681 995 ιω
708 934 921 995 talenta
942 935 1100 995 dono
1124 934 1306 995 dedit.
1351 934 1482 1007 Qua
1504 931 1864 1011 benignitate
1882 931 2012 993 eius
2037 933 2348 996 Alexander

272 1020 425 1083 nire
448 1021 637 1081 laetus
658 1028 718 1084 et
738 1021 959 1099 quaeis
982 1020 1243 1092 dederat,
1267 1020 1512 1093 remisit,
1541 1027 1598 1079 et
1619 1018 1775 1085 mille
1799 1018 2012 1079 talenta
2037 1036 2110 1079 ex
2127 1022 2347 1099 praeda,

268 1123 453 1185 quem
482 1105 750 1179 vehebat,
801 1106 1031 1180 adiecit,
1080 1108 1380 1185 multaque
1403 1104 1720 1166 convivalia
1747 1119 1819 1167 ex
1851 1120 1996 1165 auro
2025 1112 2086 1165 et
2119 1116 2344 1184 argento

276 1210 437 1265 ma,
482 1191 801 1270 plurimum
824 1192 1097 1253 Persicae
1118 1191 1320 1264 vestiS,
1360 1210 1479 1252 xxx
1505 1208 1690 1269 equos
1715 1208 1790 1249 ex
1813 1190 1958 1263 suis,
1997 1208 2134 1255 cum
2149 1190 2338 1253 iisdem

179 1286 257 1347 17
274 1277 625 1356 insignibus,
646 1281 777 1357 quis
795 1287 1196 1352 assueverant,
1219 1280 1398 1357 quum
1415 1278 1607 1357 ips-um
1625 1276 1925 1337 veherent.
1965 1276 2338 1348 Quae-libera-

186 1420 193 1430 ,
276 1364 407 1424 litas
433 1362 585 1424 sicut
612 1364 929 1425 barbarum
958 1362 1370 1437 obstrinxerat,
1413 1364 1498 1423 ita
1521 1362 1740 1423 amicos
1769 1360 1958 1441 ipsius
1985 1362 2346 1425 vehementer

278 1449 543 1511 offendit.
610 1449 661 1509 E
694 1451 908 1529 quibus
938 1450 1234 1527 Meleager
1265 1467 1448 1529 super
1479 1466 1725 1509 coenam
1759 1447 2014 1525 largiore
2052 1448 2194 1509 vino
2223 1468 2344 1511 usus

277 1535 555 1613 gratulari
590 1554 657 1595 se
694 1536 1027 1599 Alexandro
1054 1534 1223 1611 dixit,
1265 1535 1421 1614 quod
1451 1534 1664 1595 saltem
1699 1533 1762 1593 in
1797 1532 1964 1595 India
1999 1534 2346 1615 repperisset

182 1625 261 1685 18
275 1621 527 1699 dignum
548 1620 784 1681 talentis
817 1622 993 1683 mille.
1060 1622 1203 1695 Rex,
1248 1622 1408 1681 haud
1441 1619 1659 1681 oblitus
1695 1636 1871 1698 quam
1906 1634 2084 1698 aegre
2109 1621 2345 1692 tulisset,

276 1707 441 1785 quod
468 1706 675 1768 Clitum
704 1706 781 1767 ob
804 1707 1039 1785 linguae
1063 1706 1450 1768 temeritatem
1469 1704 1803 1779 occidisset,
1833 1702 1980 1770 iram
2005 1706 2252 1784 quidem
2275 1715 2346 1767 te-
2387 1777 2392 1786 Ι

279 1790 424 1863 nuit,
466 1790 574 1851 sed
608 1790 769 1866 dixit,
810 1793 1041 1853 invidos
1071 1792 1349 1855 homines
1373 1792 1521 1853 nihil
1545 1791 1702 1853 aliud
1729 1804 1903 1871 quam
1929 1790 2205 1871 ipsorum
2237 1809 2344 1854 esse

234 1893 241 1899 ’
280 1885 591 1937 tormenta.
1747 1934 1751 1945 ,

224 1964 259 2026 1
412 1961 574 2040 Cap.
602 1961 754 2022 XIII.
797 1961 1044 2023 Postero
1064 1961 1161 2022 die
1178 1960 1352 2039 legati
1369 1961 1647 2022 Abisarae
1670 1960 1866 2022 adiere
1883 1977 2109 2042 regem.
2155 1964 2348 2026 omnia

280 2046 489 2108 ditioni
516 2047 659 2121 eius,
688 2047 769 2108 ita
791 2055 859 2108 ut
882 2047 1228 2110 mandatum
1251 2055 1394 2121 erat,
1422 2047 1864 2128 permittebant,
1897 2048 2252 2132 firmataque
2271 2050 2349 2110 in-
2386 2044 2397 2076 ¹·

221 2137 261 2198 2
280 2133 469 2196 vicem
506 2133 627 2194 fide
656 2133 1037 2195 remittuntur
1072 2134 1147 2195 ad
1184 2149 1406 2212 regem.
1472 2133 1689 2196 Porum
1715 2150 1952 2212 quoque
1987 2136 2250 2198 nominis
2271 2135 2350 2197 sui

275 2221 434 2282 fama
466 2227 630 2282 ratus
656 2220 729 2281 ad
766 2219 1127 2282 deditionem
1163 2237 1343 2300 posse
1373 2219 1658 2300 compelli,
1703 2219 1860 2280 misit
1901 2220 1974 2280 ad
2014 2239 2154 2284 eum
2199 2223 2349 2284 Cleo-

168 2336 179 2360 =
280 2306 519 2382 chat-en,
563 2307 665 2386 qui
690 2305 1073 2369 denunciaret
1098 2305 1169 2381 ei,
1213 2313 1282 2367 ut
1305 2304 1663 2385 stipendium
1689 2305 1978 2383 penderet
2001 2316 2060 2370 et
2083 2308 2146 2369 in
2175 2308 2348 2388 primo

276 2392 484 2454 finium
500 2409 747 2454 suorum
768 2391 931 2453 aditu
949 2399 1291 2454 occurreret
1306 2390 1449 2470 regi.
1491 2391 1682 2452 Porus
1702 2391 1951 2452 alterum
1971 2410 2044 2454 ex
2059 2393 2164 2455 his
2181 2396 2352 2454 factu-

278 2495 411 2538 rum
448 2495 583 2539 sese
607 2477 935 2558 respondit,
958 2486 1029 2540 ut
1049 2477 1288 2540 intranti
1314 2494 1561 2555 regnum
1589 2495 1762 2538 suum
1790 2486 2026 2556 praesto
2059 2485 2230 2552 esset,
2250 2477 2356 2538 sed

221 2569 261 2630 3
277 2570 561 2624 armatus.
624 2565 745 2626 iam
772 2561 1087 2645 Hydaspen
1109 2563 1438 2624 Alexander
1467 2578 1748 2644 superare
1779 2563 2141 2640 decreverat,
2189 2582 2355 2645 quum

278 2647 653 2721 Bai-mutes,
680 2649 1041 2712 ‘defectionis
1078 2648 1416 2712 Arachosiis
1459 2657 1684 2722 auctor,
1731 2647 1962 2710 vinctus
2004 2651 2358 2732 trigintaque

277 2729 574 2812 elephanti
598 2733 771 2796 simul
798 2736 951 2814 capti
978 2735 1400 2816 perducuntur,
1439 2741 1844 2816 opportunum
1869 2735 2160 2800 adversus
2187 2737 2357 2800 Indos

274 2819 577 2894 auxum,
622 2819 841 2900 quippe
866 2820 999 2901 plus
1032 2821 1094 2882 in
1126 2821 1317 2884 beluis
1345 2839 1517 2900 quam
1541 2821 1603 2882 in
1627 2821 1887 2883 exercitu
1911 2822 2047 2902 spei'
2065 2841 2137 2884 ac
2165 2825 2360 2884 virium

222 2904 393 2970 4illis
432 2914 574 2966 erat.
642 2903 1071 2988 Gamaxusque,
1112 2925 1216 2968 rex
1249 2905 1492 2985 exiguae
1524 2906 1706 2986 partis
1737 2907 2038 2981 Indorum,
2085 2909 2196 2988 qui
2231 2909 2361 2970 Bar-

225 2989 477 3056 aza-enti
500 3009 567 3052 se
590 2990 995 3068 coniunxerat,
1034 2993 1262 3054 vinctus
1286 2993 1575 3054 adductus
1603 2999 1720 3053 est.·
1772 2993 1956 3071 Igitur
1977 2996 2302 3074 transfuga
2323 2999 2364 3052 et

185 3073 193 3080 ”
280 3077 487 3156 regulo
516 3076 581 3140 in
606 3079 949 3156 custodiam,
992 3078 1320 3159 elephantis
1346 3087 1539 3140 autem
1563 3079 1746 3139 Taxili
1770 3079 1994 3141 traditis
2028 3081 2104 3140 ad
2132 3095 2366 3142 amnem

284 3161 606 3242 Hydaspen
642 3167 925 3244 pervenit,
970 3166 1033 3228 in
1072 3165 1238 3228 cuius
1277 3163 1552 3242 ulteriore
1593 3164 1721 3244 ripa
1764 3166 1953 3227 Porus
1995 3168 2366 3234 consederat,

224 3251 267 3312 6
281 3249 534 3310 transitu
566 3251 971 3329 prohibiturus
994 3251 1247 3314 hostem.
1295 3251 1602 3330 Octoginta
1633 3259 1696 3312 et
1733 3252 1989 3332 quinque
2015 3253 2368 3333 elephantos

287 3333 589 3396 obiecerat
627 3336 839 3419 eximio
876 3355 1192 3417 corporum
1221 3337 1455 3411 mbore,
1499 3337 1766 3417 ultraque
1795 3357 1901 3398 eos
1931 3357 2150 3400 currus
2185 3357 2302 3400 ccc
2325 3341 2372 3396 et

276 3418 547 3498 *peditum
566 3439 684 3483 xxx
704 3423 827 3484 fere
848 3423 1022 3496 milia,
1040 3424 1101 3484 in
1125 3426 1256 3503 quis
1279 3430 1447 3483 erant
1468 3423 1766 3502 sagittarii,
1790 3423 1960 3484 sicuti
1979 3433 2116 3485 ente
2145 3425 2384 3486 dietum

226 3499 393 3580 Vnst,
421 3507 787 3585 gravioribus
808 3507 956 3581 telis,
980 3523 1158 3590 quam
1182 3516 1249 3568 ut
1272 3517 1406 3586 apte
1432 3509 1621 3570 excuti
1641 3517 1907 3589 possent·
1952 3510 2160 3590 Ipsum
2194 3509 2384 3570 vehe—

287 3587 391 3652 lm
414 3594 757 3673 elephantus
792 3609 975 3675 super
1006 3603 1232 3656 ceteras
1255 3593 1463 3656 beluas
1493 3594 1778 3670 eminens,
1821 3610 2106 3674 armaque
2131 3613 2296 3658 auro
2327 3599 2397 3652 et}
