2417 3900
564 138 704 199 121ss.
746 136 872 198 vn.
919 136 1043 216 (V.)
1111 138 1273 199 car.
1315 139 1385 201 v.
1457 135 1749 200 ιιι-ιο.
2077 136 2202 201 133

130 254 335 319 Xerxis
360 254 737 319 violaverant.
801 255 999 317 Mores
1025 243 1199 333 patrii
1232 258 1496 319 nondum
1523 259 1913 331 exoleverunt,
1957 259 2064 321 sed
2087 260 2203 321 iam
2225 254 2308 319 29

125 342 409 421 bilingues
447 350 633 416 erant,
674 340 977 420 paullatim
1005 358 1040 401 a
1076 340 1400 403 domestico
1437 352 1680 407 externo
1717 362 1996 405 sermone
2026 345 2206 423 dege·

124 446 317 489 neres.
380 427 597 506 Magno
625 427 805 505 igitur
832 425 1043 505 gaudio
1072 445 1276 505 regem
1303 427 1614 507 excipiunt,
1655 430 1868 491 urbem
1893 447 2076 509 seque
2101 430 2206 491 de-

121 514 349 575 dentes.
394 513 500 574 llle
518 512 797 587 Milesios,
818 511 919 592 qui
937 513 1095 591 apud
1116 513 1314 593 ipsum
1337 513 1666 589 militarent,
1691 516 2006 578 convocari
2023 513 2206 577 iubet.

116 599 297 661 Vetus
339 598 543 660 odium
569 598 775 660 Milesii
814 598 1097 677 gerebant
1130 599 1195 661 in
1231 599 1698 664 Branchidarum
1735 611 1970 681 gentem
2005 600 2208 679 prodi·
2225 606 2308 669 30

116 684 295 747 tionis
327 702 489 763 ergo.
553 684 678 759 His,
723 685 842 745 sive
868 683 1115 747 iniuriae
1149 686 1274 747 sive
1301 684 1546 764 originis
1575 688 1916 749 meminisse
1943 685 2206 761 mallent,

112 771 367 834 liberum
398 770 473 831 de
497 769 847 833 BranchIdis
874 769 1156 851 permittit
1190 771 1517 837 arbitrium.
1587 773 1962 836 Variantibus
1991 771 2208 834 deinde
2225 775 2308 837 31

115 854 443 932 sententiiS,
482 875 548 917 se
572 857 767 938 ipsum
794 857 1308 921 consideraturum
1334 860 1494 941 quod
1525 854 1814 939 optimum
1843 860 2000 923 factu
2027 867 2206 935 esset,

118 941 392 1004 ostendit.
462 942 708 1005 Postero
734 942 828 1005 die
855 945 1738 1019 occurrentibuS,Branch1das
1761 964 1965 1014 secum
1990 964 2208 1027 proce-

115 1028 225 1089 dei
228 1048 259 1088 e
275 1027 454 1091 iubet.
502 1030 815 1110 Quumque
834 1032 908 1092 ad
927 1026 1137 1093 urbem
1158 1040 1399 1093 ventum
1421 1041 1598 1106 esset,
1625 1034 1754 1131 ipse
1775 1051 1908 1096 cum
1931 1032 2205 1111 expedita

108 1133 295 1175 manu
312 1123 544 1193 portam
568 1116 766 1179 intrat.
830 1117 1091 1179 Phalanx
1125 1116 1362 1181 moenia
1388 1119 1592 1198 oppidi
1620 1120 1930 1181 circumire
1959 1118 2122 1178 iussa
2147 1124 2208 1191 et
2225 1125 2312 1189 32

108 1202 247 1263 dato
274 1200 442 1279 signo
469 1201 729 1283 diripere
752 1202 983 1276 urbem,
1024 1203 1394 1281 proditorum
1419 1205 1876 1281 receptaculum,
1919 1203 2210 1282 ipsosque

107 1286 182 1347 ad
213 1305 394 1347 unum
420 1288 687 1351 caedere.
732 1285 823 1349 llli
847 1286 1107 1349 inermes
1132 1288 1354 1366 passim
1373 1287 1758 1362 trucidantur,
1788 1306 1902 1350 nec
1925 1295 2026 1349 aut
2043 1305 2208 1351 com·
2224 1294 2308 1358 33

104 1372 327 1435 mercio
372 1370 609 1449 linguae
646 1381 748 1433 aut
778 1373 1113 1451 supplicum
1138 1373 1485 1435 velamentis
1522 1371 1918 1452 precibusque
1952 1372 2210 1436 inhiberi

107 1456 426 1519 crudelitas
458 1465 673 1535 potest.
719 1456 1004 1531 Tandem,
1034 1465 1099 1518 ut
1125 1457 1446 1519 delicerent
1471 1459 1856 1520 fundamenta
1882 1476 2208 1533 murorum,

106 1546 180 1605 ab
203 1544 325 1605 imo
346 1540 685 1616 moliuntur,
708 1560 786 1603 ne
806 1543 963 1621 quod
986 1542 1148 1605 urbis
1170 1541 1476 1620 vestigium
1497 1552 1739 1605 extaret.
1778 1544 2036 1606 Nemora
2057 1562 2208 1623 quo-
2225 1548 2312 1611 34

106 1649 230 1709 que
256 1638 315 1689 et
337 1627 506 1689 lucos
532 1646 738 1689 sacros
764 1646 887 1689 non
915 1629 1171 1692 caedunt
1194 1629 1395 1703 modo,
1435 1629 1541 1691 sed
1571 1629 1748 1691 etiam
1773 1629 2116 1711 exstirpant,
2143 1638 2212 1691 ιιι

39 1748 47 1756 -
103 1723 276 1775 vasta
308 1711 561 1775 solitudo
590 1722 648 1775 et
673 1714 888 1777 sterilis
912 1716 1133 1779 humus
1162 1714 1426 1779 excussis
1452 1715 1626 1777 etiam
1647 1716 1948 1779 radicibus
1971 1717 2210 1797 linque-

32 1820 41 1868 ι
104 1810 295 1861 retur.
366 1796 529 1872 Quae
558 1798 609 1861 si
634 1800 697 1862 in
726 1800 893 1881 ipsos
926 1800 1282 1882 proditionis
1323 1810 1594 1865 auctores
1625 1804 1952 1883 excogitata
1981 1810 2204 1878 essent,
2224 1804 2309 1870 315

100 1888 267 1950 iusta
293 1882 435 1945 ultio
463 1904 611 1962 esse,
639 1906 761 1952 non
786 1888 1101 1955 crudelitas
1125 1888 1450 1954 videretur:
1477 1909 1640 1953 nunc
1659 1891 1890 1972 culpam
1909 1890 2211 1954 maiorum

98 1971 333 2054 posteri
349 1971 537 2048 luere,
556 1973 654 2054 qui
677 1993 755 2039 ne
775 1975 1041 2040 viderant
1073 1975 1312 2056 quidem
1336 1977 1613 2050 Miletum,
1635 1977 1772 2038 ideo
1795 1985 1856 2040 et
1871 1977 2053 2042 Xerxi
2076 1994 2206 2040 non

103 2066 429 2140 potuerant
448 2059 725 2140 prodere.

234 2143 383 2206 Inde
406 2146 702 2224 processit
720 2145 795 2208 ad
812 2139 1059 2206 Tanaim
1076 2161 1333 2204 amnem.
1379 2144 1512 2215 Quo
1531 2146 1854 2224 perductus
1875 2152 1966 2206 est
1983 2143 2206 2206 Bessus
2224 2155 2310 2220 36

100 2249 231 2293 non
250 2229 479 2290 vinctus
506 2230 707 2304 modo,
734 2228 841 2290 sed
869 2229 1045 2290 etiam
1072 2229 1235 2288 omni
1251 2229 1582 2292 velamento
1606 2227 1875 2307 corporis
1903 2227 2208 2306 spoliatus.

101 2316 483 2397 Spitamenes
510 2333 645 2377 eum
664 2313 907 2376 tenebat
930 2313 1077 2374 collo
1098 2311 1322 2374 inserta
1345 2317 1569 2387 catena,
1591 2321 1711 2377 tam
1733 2312 2006 2376 barbaris
2028 2329 2208 2391 quam

101 2399 535 2465 Macedonibus
560 2407 789 2480 gratum
816 2397 1236 2478 spectaculum.
1303 2397 1454 2460 Tum
1483 2399 1874 2479 Spitamenes,
1911 2397 1986 2459 Et
2007 2406 2087 2472 te,
2110 2397 2206 2460 ιιι-
2224 2407 2310 2474 37

104 2489 255 2570 quit‚
282 2496 341 2548 et
364 2485 639 2562 Dareum,
664 2504 838 2566 reges
862 2502 1048 2557 meos,
1075 2484 1252 2558 ultus,
1275 2482 1714 2548 interfectorem
1736 2483 1962 2548 domini
1983 2483 2078 2548 sui
2097 2485 2206 2548 ad·-

107 2574 279 2647 duxi,
324 2590 395 2634 eo
420 2573 601 2635 modo
633 2582 885 2653 captum,
931 2570 1097 2632 cuins
1122 2569 1254 2650 ipse
1279 2568 1420 2631 fecit
1443 2571 1800 2652 exemplum.
1865 2572 2106 2652 Aperiat
2127 2573 2204 2636 ad

102 2663 231 2722 hoc
252 2659 657 2740 spectaculum
685 2659 887 2722 oculos
911 2655 1157 2718 Dareus.
1210 2655 1434 2718 Existat
1458 2658 1534 2720 ab
1557 2658 1784 2733 inferiS,
1809 2658 1910 2738 qui
1935 2659 2034 2722 illo
2055 2678 2206 2742 sup-

104 2744 287 2826 plicio
307 2744 587 2825 indignus
609 2745 736 2820 fuit,
760 2753 819 2808 et
840 2744 957 2808 hoc
978 2741 1187 2804 solatio
1213 2743 1427 2821 dignus
1453 2753 1561 2807 est.
1605 2745 1936 2809 Alexander
1953 2745 2204 2810 multum
2221 2751 2306 2816 38

108 2831 445 2896 collaudato
474 2833 815 2913 SpitamEne
840 2848 1163 2894 conversus
1185 2829 1260 2890 ad
1281 2828 1553 2907 Bessum,
1581 2831 1778 2905 Cuius»,
1811 2831 2017 2913 inquit,
2042 2835 2203 2896 ferae

109 2917 311 2984 rabies
334 2919 640 3017 occupavit
664 2919 923 2982 animum
948 2925 1134 2990 tuum,
1160 2934 1343 2994 quum
1367 2934 1570 2994 regem
1597 2918 1672 2979 de
1693 2925 1752 2980 te
1781 2919 2002 2998 optime
2021 2920 2203 2982 meri-

108 3014 241 3068 tum
270 3005 435 3085 prius
462 3004 702 3081 vincire,
749 3003 968 3066 deinde
994 2999 1266 3065 occidere
1301 3001 1672 3065 sustinuisti?
1716 3003 1836 3066 Sed
1861 3005 2040 3068 huius
2063 3023 2202 3085 par-

108 3090 305 3152 ricidii
332 3091 664 3153 mercedem
692 3092 839 3153 falso
865 3089 1025 3168 regis
1052 3087 1292 3151 nomine
1317 3088 1671 3169 persolvisti.
1728 3091 1818 3154 Ibi
1851 3091 1950 3154 ille
1972 3090 2200 3155 facinus
2217 3087 2302 3153 39

108 3195 371 3257 purgare
400 3197 523 3240 non
561 3195 741 3240 ausus
778 3176 938 3255 regis
965 3174 1200 3238 titulum
1231 3193 1296 3238 se
1331 3193 1620 3256 usurpare
1655 3177 1822 3253 dixit,
1867 3187 1932 3240 ut
1967 3185 2200 3254 gentem

110 3282 285 3325 suam
314 3262 597 3326 tradere·
580 3263 695 3342 ipsi
720 3261 939 3343 possit:
984 3261 1085 3341 qui
1106 3259 1157 3322 si
1182 3272 1493 3334 cessasset,
1537 3263 1716 3328 alium
1743 3263 1928 3326 fuisse
1950 3277 2200 3337 regnum

112 3357 562 3429 occupaturum.
604 3349 679 3410 At
702 3348 1033 3412 Alexander
1058 3347 1376 3423 Oxathren,
1403 3351 1645 3412 fratrem
1669 3347 1862 3418 Darei,
1905 3361 2081 3423 quem
2105 3342 2200 3404 in-
2218 3342 2303 3405 40

110 3445 207 3497 ter
231 3434 499 3516 corporis
524 3436 801 3498 custodes
826 3435 1099 3510 habehat,
1130 3436 1380 3516 propius
1404 3436 1580 3500 iussit
1601 3433 1904 3498 accedere,
1925 3427 2202 3506 tradique

112 3520 373 3584 Bessum
400 3521 471 3594 ei,
499 3530 560 3583 ut
581 3522 739 3584 cruci
762 3522 999 3584 affixum
1024 3522 1302 3584 mutilatis
1327 3522 1572 3586 auribus
1591 3518 1950 3588 naribusque
1975 3510 2204 3588 sagittis

116 3610 486 3689 epnfigerent
504 3607 761 3686 barbari,
800 3618 1288 3688 asservarentque
1323 3625 1566 3688 eorpus,
1608 3611 1674 3664 ut
1699 3615 1776 3662 ne
1800 3611 1940 3654 aves
1963 3594 2208 3674 quidem
