2417 3900
278 161 400 224 192
749 162 848 223 DE
892 160 1153 221 GESTIS
1196 160 1627 221 ALEXANDRI
1668 159 1910 223 MAGNI

277 302 355 345 ne
377 283 464 343 sic
488 282 721 362 quidem
741 290 955 361 potens
982 280 1245 359 corporis
1271 298 1477 341 rursus
1499 279 1558 340 in
1585 299 1774 358 genua
1799 276 2154 361 procumbit,
2179 296 2364 342 manu

276 376 608 449 provocans
632 370 853 442 hostes,
884 367 935 427 si
962 367 1091 445 quis
1119 365 1399 443 congredi
1424 366 1688 427 auderet.

178 460 261 523 14
408 454 670 514 Tandem
694 453 1015 514 Peucestes
1054 470 1161 530 per
1187 451 1360 511 aliam
1388 450 1588 529 oppidi
1611 457 1840 532 partem
1867 448 2190 510 deturbatis
2219 468 2362 528 pro-

176 546 258 607 15
276 540 705 621 pugnatoribus
747 538 899 599 muri
942 538 1186 615 vestigia
1228 554 1593 615 persequens
1635 536 1762 616 regi
1801 535 2159 615 supervenit.
2233 536 2360 607 Quo

276 633 594 704 conspecto
636 626 965 685 Alexander
1000 622 1114 681 iam
1154 641 1277 682 non
1313 621 1462 681 vitae
1499 641 1662 695 suae,
1707 621 1812 683 sed
1845 622 2050 682 mortis
2086 621 2362 681 solatium

276 708 689 791 supervenisse
724 721 886 770 ratus
914 708 1099 787 clipeo
1128 708 1429 785 fatigatum
1457 726 1672 787 corpus
1701 707 1948 786 excepit.
2017 706 2191 767 Subit
2228 706 2359 765 inde

274 796 567 870 TimaeuS‚
614 803 671 856 et
704 797 901 875 paullo
930 802 1069 873 post
1092 792 1449 865 LeonnatuS‚
1493 793 1632 854 huic
1655 792 1966 854 Aristonus
1999 792 2356 871 supervenit.

175 882 257 945 16
274 881 407 941 Indi
428 898 681 959 quoque,
712 898 890 959 quum
910 879 1059 939 intra
1082 878 1312 938 moenia
1332 896 1529 956 regem
1551 896 1683 939 esse
1704 876 2154 957 comperissent,
2183 878 2357 936 omis-

276 964 359 1027 sis
384 964 593 1027 ceteris
624 966 762 1025 illuc
787 973 1207 1026 concurrerunt
1243 964 1643 1043 urgebantque
1672 972 2071 1044 protegentes,
2117 962 2204 1023 Ex
2233 962 2356 1041 qui-

272 1052 385 1113 bus
404 1052 676 1113 Timaeus
698 1051 893 1111 multis
918 1049 1163 1111 adverso
1187 1068 1436 1129 corpore
1458 1049 1794 1111 vulneribus
1815 1048 2068 1128 acceptis
2095 1050 2356 1127 egregia-

173 1144 256 1207 17
274 1154 391 1217 que
428 1136 583 1197 edita
620 1138 816 1217 pugna
845 1134 1079 1197 cecidit:
1128 1136 1442 1196 Peucestes
1486 1154 1718 1214 quoque
1751 1135 1938 1197 tribus
1977 1134 2178 1195 iaculis
2205 1150 2355 1192 con-

271 1222 470 1285 fossus
491 1241 612 1284 non
636 1241 701 1282 se
720 1232 915 1282 tamen
949 1230 1134 1295 scuto,
1156 1221 1261 1280 sed
1281 1239 1477 1299 regem
1501 1222 1802 1296 tuebatur3
1831 1222 2182 1289 Leonnatus,
2206 1217 2350 1279 dum

272 1306 441 1369 avide
463 1317 705 1369 ruentes
734 1307 1017 1368 barbaros
1042 1314 1392 1379 summovet,
1421 1306 1643 1367 cervice
1670 1306 1922 1383 graviter
1942 1306 2055 1366 icta
2079 1303 2352 1365 semiani-

172 1397 255 1461 18
273 1393 722 1475 mis'procubuit
742 1403 876 1453 ante
905 1392 1060 1471 regis
1085 1392 1290 1471 pedeS.
1338 1391 1459 1452 lam
1487 1400 1544 1451 et
1566 1391 1880 1453 Peucestes
1906 1390 2250 1452 vulneribus
2274 1391 2349 1449 sa-

270 1478 487 1557 tigatus
514 1479 890 1540 summiserat
926 1479 1203 1557 clipeum:
1245 1477 1306 1536 in
1333 1476 1609 1537 Aristono
1643 1496 1782 1555 spes
1818 1477 2018 1538 ultima
2058 1476 2350 1537 haerebat.

271 1564 382 1625 Hic
408 1584 639 1645 quoque
668 1565 917 1643 graviter
944 1564 1176 1624 saucius
1203 1570 1424 1623 tantam
1452 1561 1566 1621 vim
1598 1562 1858 1623 hostium
1888 1563 2035 1623 ultra
2063 1562 2350 1623 sustinere

172 1650 253 1714 19
272 1668 396 1712 non
434 1658 684 1729 poterat.
754 1649 914 1709 Inter
954 1648 1103 1709 haec
1138 1648 1213 1708 ad
1247 1646 1600 1707 Macedonas
1637 1666 1838 1725 regem
1876 1647 2164 1708 cecidisse
2207 1649 2350 1708 fama
2396 1688 2397 1705 2

269 1736 496 1815 perlata
523 1745 630 1795 est.
677 1734 1009 1795 Terruisset
1038 1734 1199 1805 alioS,
1246 1730 1404 1811 quod
1430 1731 1560 1792 illos
1583 1732 1858 1794 incitavit.
1905 1732 2172 1810 Namque
2200 1733 2343 1811 peri-

274 1820 388 1881 culi
410 1820 603 1880 omnis
626 1820 1001 1879 immemores
1028 1816 1286 1878 dolabris
1312 1818 1648 1897 perfregere
1668 1837 1922 1892 murum,
1952 1827 2010 1879 et
2035 1838 2149 1897 qua
2175 1818 2350 1879 moliti

273 1912 441 1966 erant
462 1904 699 1979 aditum,
724 1905 989 1984 irrupere
1012 1903 1069 1964 in
1095 1902 1300 1966 urbem
1319 1901 1616 1983 Indosque
1640 1905 1839 1985 plures
1865 1903 2157 1983 rugientes
2182 1923 2348 1984 quam

167 1996 253 2062 20
272 1989 556 2070 congredi
581 2008 759 2051 ausos
792 1990 1147 2050 ceciderunt.
1213 1987 1345 2134 Ιῖοη
1370 1989 1631 2064 senibus,
1671 2009 1790 2053 non
1819 1990 2069 2064 seminiS‚
2119 2010 2240 2052 non
2265 1992 2349 2052 in-

269 2076 529 2139 fantibus
554 2075 842 2156 parcitur3
870 2075 1133 2155 quisquis
1159 2093 1232 2135 oc
1270 2083 1514 2147 urrerat,
1541 2076 1616 2136 ab
1639 2075 1737 2137 illo
1764 2077 2128 2138 vulneratum
2156 2095 2350 2152 regem

271 2181 404 2224 esse
440 2163 781 2223 credebant.
848 2161 1229 2240 Tandemque
1269 2161 1670 2222 internecione
1710 2161 1966 2223 hostium
2005 2161 2196 2225 iustae
2236 2163 2348 2222 irae
2393 2171 2395 2180 '

165 2249 249 2314 21
267 2257 637 2329 parentatum
667 2256 774 2309 est.
817 2247 1241 2318 Ptolemaeum,
1283 2246 1382 2325 qui
1402 2254 1608 2326 postea
1632 2249 1914 2326 regnavit,
1956 2249 2097 2309 huic
2123 2266 2346 2328 pugnae

266 2334 503 2396 affuisse
538 2342 741 2396 auctor
779 2341 870 2392 est
908 2333 1230 2394 Clitarchus
1267 2343 1325 2392 et
1357 2333 1724 2411 Timagenes
1793 2335 1909 2396 Sed
1946 2333 2094 2413 ipse,
2136 2334 2350 2395 scilicet
2393 2365 2395 2398 s

268 2419 488 2499 gloriae
522 2438 662 2481 suae
696 2436 816 2479 non
846 2419 1189 2496 refragatuS,
1230 2417 1482 2491 affuisse,
1525 2417 1767 2480 missum
1799 2420 1859 2480 in
1897 2420 2345 2499 expeditionem,
2394 2433 2395 2484 ἑ

266 2505 587 2565 memoriae
615 2501 869 2566 tradidit.
930 2503 1115 2564 Tanta
1145 2503 1625 2582 componentium
1651 2513 1878 2568 vetusta
1912 2525 2114 2566 rerum
2139 2523 2348 2568 mouu—
2393 2491 2396 2552 l

266 2598 467 2650 menta
493 2591 579 2650 vel
610 2590 913 2664 securitaS,
943 2590 1034 2650 vel
1060 2608 1167 2670 par
1188 2588 1328 2650 huic
1355 2589 1571 2661 vitium,
1604 2591 1917 2652 credulitas
1945 2592 2072 2653 fuit.

164 2680 248 2743 22
396 2675 557 2752 Rege
582 2673 640 2734 in
670 2675 1111 2736 tabernaculum
1137 2675 1324 2735 relato
1350 2674 1562 2736 medici
1587 2674 1808 2753 lignum
1839 2678 2086 2756 sagittae
2115 2674 2348 2756 corpori

164 2749 527 2833 23inlixum,
563 2759 641 2820 ita
676 2779 752 2820 ne
775 2760 1063 2839 spiculum
1092 2770 1442 2834 moveretur,
1470 2761 1798 2824 abscidunt.
1847 2765 2108 2842 Corpore
2135 2761 2350 2822 deinde

264 2843 489 2906 nudato
516 2845 985 2911 animadvertunt
1008 2846 1216 2906 hamos
1243 2845 1438 2906 inesse
1464 2847 1600 2920 telo,
1647 2865 1755 2908 nec
1781 2847 1946 2909 aliter
1971 2847 2032 2909 id
2060 2848 2190 2909 sine
2213 2866 2350 2926 per-

266 2929 418 2992 nicie
444 2931 709 3009 corporis
736 2931 957 2992 extrahi
990 2950 1187 3010 posse,
1225 2950 1397 3011 quam
1430 2936 1492 2993 ut
1519 2933 1774 2993 secando
1799 2935 2008 2994 vulnus
2044 2944 2348 3012 augerent.

162 3019 249 3080 24
266 3015 536 3077 Ceterum
574 3033 649 3076 ne
681 3026 947 3077 secantes
976 3015 1325 3095 profluvium
1358 3017 1656 3096 sanguinis
1684 3031 2014 3100 occuparet,
2060 3021 2348 3080 vereban-

264 3108 392 3162 tur:
435 3098 652 3181 quippe
681 3100 892 3180 ingens
926 3102 1107 3163 telum
1136 3103 1402 3164 adactum
1431 3111 1555 3164 erat
1581 3112 1638 3164 et
1662 3114 2007 3184 penetrasse
2034 3105 2095 3166 in
2124 3106 2344 3167 viscera

161 3188 247 3252 25
267 3185 591 3248 videbatur.
636 3186 989 3262 CritobmuS‚
1022 3186 1176 3249 inter
1200 3189 1462 3249 medicos
1489 3188 1629 3249 artis
1657 3189 1918 3262 eximiae,
1958 3192 2062 3252 sed
2095 3191 2157 3253 in
2193 3201 2342 3252 tanto

265 3273 526 3353 periculo
553 3271 808 3347 territuS‚
837 3291 1047 3334 manus
1074 3273 1388 3334 admovere
1415 3275 1730 3348 metuebat,
1775 3295 1849 3336 ne
1872 3276 1932 3338 in
1959 3276 2148 3357 ipsius
2181 3285 2342 3356 caput

161 3355 247 3423 26
265 3377 473 3439 parum
493 3376 815 3440 prosperae
833 3357 1147 3419 curationis
1167 3359 1454 3421 recideret
1473 3369 1735 3423 eventuS.
1761 3361 2196 3425 Lacrimantem
2221 3379 2344 3424 eum

265 3461 336 3506 ac
361 3454 717 3508 metuentem
745 3453 802 3506 et
822 3443 1213 3505 sollicitudine
1233 3446 1660 3524 propemodum
1683 3466 2041 3528 exsanguem
2069 3469 2179 3512 rex
2208 3467 2342 3511 con-

264 3541 557 3607 spexerat.
604 3531 777 3607 Quid,
809 3529 1014 3610 inquit,
1039 3531 1271 3609 quodve
1297 3539 1525 3612 tempus
1555 3543 1880 3612 exspectaS,
1905 3544 1960 3595 et
1986 3554 2112 3598 non
2139 3553 2334 3615 quam·

268 3612 518 3676 “timum
540 3618 655 3680 hoc
678 3618 881 3682 dolore
904 3633 1002 3679 me
1026 3616 1232 3678 saltem
1255 3619 1601 3679 moriturum
1625 3615 1886 3680 liberas?
1925 3620 2014 3680 An
2044 3621 2244 3694 times,
2269 3635 2338 3681 ne
