2417 3900
299 111 381 173 76
717 109 818 170 DE
859 108 1122 170 GESTIS
1166 106 1596 171 ALEXANDRI
1640 103 1881 168 MAGNI
2252 163 2259 176 ,

235 229 276 289 7
295 245 410 308 que
429 225 565 288 vicis
587 233 761 304 atque
785 225 1028 288 urbibus
1045 228 1341 307 frequens.
1384 227 1601 287 Araxes
1626 223 1817 286 amnis
1842 239 1951 301 per
1972 220 2087 281 hos
2112 239 2381 302 campos
2409 221 2410 232 ’

293 314 608 374 multorum
639 329 820 389 aquas
855 311 1201 375 torrentium
1236 311 1483 375 evolvit
1466 329 1527 372 ιιι
1549 311 1813 371 Medum:
1854 308 2061 367 Medus
2090 307 2170 366 ad
2208 327 2383 369 mare

295 399 369 460 ad
410 396 718 460 meridiem
746 414 964 458 versus
1001 398 1196 460 minor
1236 398 1431 458 amnis
1454 415 1546 470 eo,
1588 412 1761 476 quem
1794 392 2039 471 accepit,
2077 393 2386 468 evehitur,

295 482 738 563 gignendaeque
763 477 981 544 herbae
1005 502 1128 545 non
1149 483 1297 544 alius
1331 490 1422 543 est
1444 481 1651 561 aptior,
1682 477 1963 559 quidquid
1990 477 2179 552 alluit,
2209 480 2387 540 flori-

236 577 276 638 8
294 571 410 631 bus
441 566 715 628 vestiens.
757 566 982 630 Platani
1017 587 1253 649 quoque
1282 576 1343 628 et
1374 567 1574 646 populi
1614 572 1931 642 contegunt
1966 563 2148 642 ripas,
2191 563 2279 624 ita
2320 571 2383 627 ut

295 651 502 734 procul
535 651 858 714 visentibus
885 654 1221 716 continuata
1252 652 1560 714 videantur
1590 651 1890 711 montibus
1923 665 2174 708 nemora
2214 649 2384 729 ripa-

293 756 446 800 rum.
483 737 714 818 Quippe
738 739 1120 801 obumbratus
1141 737 1333 800 amnis
1355 755 1565 815 presso
1584 737 1647 796 in
1668 736 1857 796 solum
1884 733 2161 794 dilabitur
2184 737 2410 810 alveo,

295 822 720 900 imminentque
745 824 942 898 colles,
978 823 1092 902 ipsi
1124 839 1359 902 quoque
1387 821 1695 883 frondibus
1719 820 1873 892 laeti,
1896 819 2129 880 radices
2156 837 2379 881 eorum

239 914 276 980 9
294 907 546 970 humore
577 906 888 968 subeunte.
939 907 1122 986 Regio
1159 924 1283 968 non
1310 906 1417 968 alia
1446 909 1569 968 tota
1599 905 1737 967 Asia
1762 904 2055 966 salubrior
2085 905 2379 966 hahetur:

296 994 684 1068 temperatum
709 991 965 1065 coelium
988 993 1130 1053 hinc
1153 1001 1503 1072 perpetuum
1532 991 1734 1070 iugum
1760 1008 2007 1070 opacum
2036 997 2097 1049 et
2122 991 2379 1051 umbro-

247 1093 450 1148 sum,
479 1074 638 1152 quod
664 1083 858 1136 aestus
884 1077 1050 1152 levat,
1071 1078 1231 1139 illinc
1260 1095 1421 1138 mare
1444 1077 1799 1152 adiunctum,
1828 1076 1988 1156 quod
2013 1075 2257 1137 modico
2284 1085 2377 1138 te-

299 1179 447 1243 pore
473 1168 656 1222 terras
690 1160 862 1222 fovet.

203 1250 283 1317 10
427 1244 532 1306 His
555 1245 814 1324 captivus
845 1245 1124 1326 expositis
1150 1245 1545 1324 interrogatus
1570 1261 1603 1304 a
1624 1261 1783 1323 rege,
1810 1245 2091 1307 auditune
2116 1263 2192 1306 an
2224 1263 2373 1307 ocu-

301 1330 374 1394 lis
399 1339 696 1410 comperta
722 1331 983 1405 habere-t,
1009 1348 1158 1409 quae
1183 1331 1419 1404 diceret,
1442 1336 1742 1409 pastorem
1762 1347 1827 1391 se
1848 1331 2050 1404 fuisse,
2078 1342 2140 1392 et
2160 1349 2371 1392 omnes

304 1434 410 1476 eos
438 1417 611 1478 calles
637 1416 1001 1494 percurrisse
1021 1417 1361 1495 respondit:
1400 1417 1491 1478 bis
1520 1423 1771 1494 captum,
1802 1417 1984 1478 semel
2018 1433 2051 1474 a
2080 1416 2335 1478 Persis
2318 1435 2371 1476 ιιι

207 1504 283 1569 11
302 1500 492 1580 Lycia,
527 1501 737 1563 iterum
775 1501 848 1560 ab
885 1501 1038 1580 ipso.
1103 1501 1279 1562 Subit
1317 1501 1574 1563 animum
1608 1501 1890 1562 memoria
1934 1500 2091 1578 regis
2136 1501 2371 1562 oraculo

305 1586 496 1647 editae
521 1585 726 1646 sortis:
753 1586 970 1666 quippe
996 1587 1322 1647 consulenti
1348 1605 1567 1665 respon
1600 1604 1703 1647 um
1730 1595 1873 1659 erat,
1902 1585 2117 1669 ducem
2140 1586 2207 1646 in
2238 1588 2373 1647 Per-

121 1703 127 1714 ·
207 1683 287 1744 12
307 1671 494 1731 sidem
519 1671 760 1731 ferentis
787 1671 910 1730 viae
935 1671 1168 1751 Lycium
1192 1671 1377 1733 civem
1399 1673 1543 1732 sore.
1618 1671 1775 1749 gitur
1797 1671 2133 1751 promissiS,
2150 1680 2372 1750 quanta

307 1764 367 1816 et
393 1773 677 1832 praesens
703 1755 1030 1818 necessitas
1058 1755 1327 1832 exigebat
1352 1765 1409 1816 et
1430 1756 1617 1836 ipsius
1646 1757 1883 1817 fortuna
1916 1755 2209 1834 capiebat,
2238 1775 2373 1818 one-

246 1871 254 1882 ι
305 1847 500 1899 ratum
534 1840 742 1901 armari
777 1840 939 1902 iubet
971 1840 1359 1902 Macedonum
1394 1859 1563 1902 more
1596 1849 1670 1916 et,
1708 1843 1869 1921 quod
1903 1841 2057 1902 bene
2098 1851 2369 1915 verteret,

305 1930 638 1987 monstrare
663 1925 804 1987 iter:
829 1926 1090 2005 quamvis
1117 1926 1366 1988 arduum
1398 1933 1455 1987 et
1474 1943 1781 2007 praeceps,
1810 1943 2125 1988 evasurum
2150 1945 2223 1989 se
2248 1945 2369 1989 esse

311 2028 445 2071 cum
465 2010 686 2088 pauciS,
720 2011 834 2072 nisi
867 2013 1018 2075 forte
1053 2012 1334 2085 crederet,
1359 2018 1488 2091 {quo
1525 2011 1658 2091 ipse
1698 2012 1931 2091 pecoris
1968 2030 2178 2074 caussa
2216 2015 2370 2086 isset,

212 2102 291 2169 13
309 2095 700 2157 Alexandrum
731 2115 838 2175 pro
867 2098 1049 2175 gloria
1080 2105 1136 2158 et
1167 2106 1453 2177 perpetua
1486 2097 1659 2159 laude
1682 2098 1771 2159 ire
1792 2116 1911 2158 non
1938 2116 2143 2176 posse.
2192 2100 2369 2159 Etiam

307 2190 486 2259 atque
520 2181 692 2241 etiam
728 2182 941 2243 docere
971 2182 1247 2261 captivuS,
1288 2200 1462 2261 quam
1496 2182 1731 2243 difficile
1763 2182 1875 2245 iter
1913 2192 2087 2257 esset,
2128 2186 2370 2245 maxime

311 2266 567 2329 armatis.
613 2266 764 2327 Tum
781 2286 904 2341 rex,
923 2268 1207 2330 Praedem
1228 2285 1340 2341 nie,
1358 2267 1565 2347 inquit,
1590 2267 1806 2347 accipe,
1827 2268 2128 2329 neminem
2150 2287 2371 2341 eorum,

201 2355 294 2418 ,14
315 2351 414 2431 qui
449 2360 793 2430 sequuntur,
823 2361 1229 2415 recusaturum
1265 2352 1367 2426 ire,
1406 2370 1521 2432 qua
1554 2354 1753 2415 duces,
1822 2354 2069 2419 Cratero
2096 2353 2279 2432 igitur
2310 2354 2373 2415 ad

315 2436 638 2499 custodiam
662 2446 988 2499 castrorum
1021 2437 1223 2501 relicto
1249 2456 1381 2499 cum
1417 2436 1727 2534 peditibuS‚
1760 2442 1891 2518 quis
1922 2448 2291 2514 assueverat,
2326 2446 2375 2499 et

311 2520 387 2581 iis
405 2522 606 2600 copiis,
635 2540 779 2601 quas
797 2522 1086 2600 Meleager
1101 2523 1371 2596 ducebat,
1388 2531 1452 2583 et
1472 2514 1792 2600 sagittariis
1812 2522 2105 2603 equitibus
2126 2542 2186 2597 ιι,
2208 2542 2375 2621 prae-

315 2605 472 2683 cipit,
508 2616 576 2668 ut
607 2616 932 2670 castrorum
971 2608 1170 2704 specie
1209 2616 1485 2669 manente
1526 2608 1725 2687 plures
1766 2610 1841 2669 de
1882 2608 2173 2670 industria
2214 2611 2373 2709 ignes

313 2690 443 2752 fieri
461 2690 730 2771 imperet,
753 2710 870 2770 quo
889 2692 1074 2770 magis
1097 2692 1333 2755 barbari
1352 2693 1651 2766 credant,
1636 2712 1830 2773 ipsum
1852 2712 2056 2771 regem
2084 2692 2147 2755 in
2172 2696 2371 2775 castris

218 2780 297 2849 15
317 2793 468 2837 esse.
513 2777 805 2850 Ceterum,
835 2776 889 2839 si
923 2778 1072 2839 forte
1111 2778 1539 2840 Ariobarzanes
1568 2776 1970 2857 cognovisset,
2007 2798 2121 2859 per
2150 2782 2371 2841 callium

313 2862 614 2924 anfractus
647 2862 884 2934 intrare,
927 2872 986 2923 et
1010 2862 1084 2925 ad
1113 2864 1520 2944 occupandum
1556 2864 1672 2925 iter
1704 2882 1879 2926 suum
1918 2873 2147 2943 partem
2178 2867 2371 2946 copia·
2409 2902 2410 2933 ι

315 2963 447 3007 rum
480 2956 766 3009 tentasset
789 2966 1110 3027 opponere,
1147 2950 1423 3011 Craterus
1456 2967 1594 3019 eum
1622 2949 1781 3013 illato
1819 2957 2051 3011 terrore
2085 2950 2371 3023 retineret,
2409 2944 2410 3015 Ξ

221 3034 300 3098 16
319 3030 394 3093 ad
419 3031 666 3110 propius
689 3033 1012 3111 periculum
1048 3052 1470 3096 conversurum
1500 3038 1743 3113 agmen·
1780 3035 1872 3096 sin
1898 3043 2093 3097 autem
2118 3034 2257 3115 ipse
2278 3039 2373 3097 ho-
2409 3032 2410 3085 l

319 3124 472 3179 stem
505 3117 805 3177 fefellisset
837 3127 894 3179 et
921 3120 1132 3181 saltum
1168 3118 1537 3198 occupa'sset,
1579 3138 1783 3199 quum
1780 3120 2213 3200 trepidantium
2250 3125 2372 3185 bar-
2409 3114 2410 3155 ἕ

317 3202 596 3269 herorum
616 3204 928 3269 tumultum
953 3203 1288 3267 exaudisset
1312 3205 1812 3283 [pei-sequentium
1840 3204 2082 3285 regem]
2101 3205 2207 3268 id
2186 3224 2373 3287 ipsum

280 3286 451 3368 iter,
487 3306 604 3367 quo
634 3286 824 3365 pridie
853 3289 1008 3386 puls-i
1037 3289 1289 3365 fuerant,
1328 3308 1405 3351 ne
1432 3289 1723 3354 dubitaret
1746 3291 2008 3371 ingredi-t
2037 3290 2261 3373 quippe
2286 3310 2373 3353 va-

323 3390 500 3436 cuum
527 3375 656 3435 fore
680 3372 994 3436 hostibus
977 3392 1040 3435 ιιι
1071 3384 1263 3437 semet
1285 3374 1525 3436 aversis.
1610 3414 1617 3421 ·
2409 3382 2410 3417 i

226 3454 306 3516 17
451 3458 586 3556 Ipse
604 3455 772 3523 tertia
789 3459 981 3539 vigilia
997 3459 1190 3522 silenti
1207 3461 1441 3539 agmine
1460 3478 1531 3522 ac
1547 3478 1624 3523 ne
1637 3460 1785 3521 tub&
1798 3460 2039 3542 quidem
2058 3458 2197 3522 dato
2216 3462 2373 3541 signo

325 3544 516 3621 pergit
550 3544 624 3607 ad
651 3545 1118 3609 demonstratum
1147 3546 1263 3608 iter
1294 3546 1541 3625 callium.
1599 3545 1805 3610 Tridui
1837 3546 2112 3607 alimenta
2144 3556 2371 3629 portare
