2417 3900
236 104 361 169 108
694 104 793 165 DE
836 104 1097 165 GESTIS
1141 104 1572 167 ALEXANDRI
1615 102 1854 163 MAGNl

180 227 220 287 7
236 230 635 304 sumpserunt,
680 222 928 303 amplius
958 241 1203 304 sperare
1235 242 1356 285 non
1389 240 1588 303 posse.
1654 220 1728 280 At
1759 236 1890 295 ego,
1925 217 2156 278 etiamsi
2178 218 2308 297 ipse

237 312 332 374 vel
370 307 731 389 poenitentia
768 308 855 369 vel
888 309 1172 372 beneficio
1196 318 1301 371 tuo
1321 309 1508 371 victus
1535 305 1836 385 quiescere
1865 302 2034 375 volet,
2079 313 2310 382 patrem

238 398 365 457 eius
399 393 871 468 Parmenionem,
912 394 1059 455 tanti
1094 396 1304 456 ducem
1341 393 1645 464 exercitus,
1695 398 1754 452 et
1792 389 2116 449 inveterata
2151 391 2311 467 apud

234 482 449 542 milites
492 489 626 541 tuos
666 478 1007 542 auctoritate
1044 480 1202 542 haud
1243 480 1492 541 multum
1528 477 1680 538 infra
1715 474 2136 552 magnitudinis
2177 484 2312 535 tuae

236 565 527 645 fastigium
554 564 834 644 positum,
872 564 1001 627 scio
1025 585 1145 627 nou
1180 582 1369 646 aequo
1394 565 1593 625 animo
1625 562 1872 622 salutem
1898 559 2000 620 filii
2021 560 2118 621 sui
2145 561 2312 621 debi-

176 654 216 715 8
236 662 430 713 turum
458 651 577 712 tibi.
632 652 931 723 Quaedam
954 651 1240 713 beneficia
1266 650 1520 712 odimus.
1577 647 1862 708 Meruisse
1884 654 2142 708 mortem
2169 665 2312 707 con-—

232 738 385 800 fiteri
406 737 611 816 pudet.
686 737 989 817 Superest,
1020 745 1083 800 ut
1106 737 1270 797 malit
1296 736 1482 797 videri
1504 734 1776 797 iniuriam
1803 730 2106 811 accepisse
2135 750 2312 811 quam

194 870 206 880 .
232 823 433 883 vitam.
498 821 755 883 Proinde
782 821 948 896 scite,
986 822 1089 883 tibi
1123 840 1255 883 cum
1282 822 1394 883 illis
1426 822 1500 883 de
1523 821 1714 881 salute
1739 836 1875 879 esse
1903 818 2311 897 pugnandum.

176 907 213 969 9
235 907 390 969 Satis
436 906 693 967 hostium
738 916 1037 985 superest,
1082 908 1158 968 ad
1206 926 1356 987 quos
1400 905 1846 987 persequendos
1892 903 2032 965 ituri
2073 904 2310 965 sumus:

232 994 385 1054 latus
406 1010 439 1049 a
464 991 799 1053 domesticis
822 992 1095 1055 hostibus
1116 993 1299 1055 muni.
1345 993 1466 1053 Hos
1491 992 1540 1053 si
1567 1008 1924 1062 summoveS‚
1947 988 2098 1051 nihil
2112 997 2310 1050 metuo

234 1080 309 1138 ab
339 1085 599 1138 externe.
1048 1086 1061 1093 “
1573 1074 1584 1087 ’

135 1161 213 1222 10
361 1162 519 1223 Haec
556 1161 848 1223 Craterus.
911 1159 1037 1223 Nee
1078 1159 1260 1223 ceteri
1292 1161 1657 1234 dubitabant,
1697 1158 1840 1239 quin
1889 1158 2308 1221 coniurationis

230 1247 511 1309 indicium
554 1264 988 1324 suppressurus
1035 1265 1159 1309 non
1202 1247 1415 1309 fuisset
1455 1246 1570 1307 nisi
1609 1254 1814 1307 auctor
1851 1250 1952 1305 aut
1989 1242 2306 1323 particepS.

234 1333 425 1406 Quem
452 1331 609 1393 enim
648 1332 807 1411 pium
840 1332 1126 1393 et.bonae
1158 1334 1390 1408 mentiS,
1429 1350 1552 1394 non
1582 1330 1833 1393 amicum
1857 1329 2059 1402 modo,
2103 1330 2214 1389 sed
2239 1348 2312 1389 ex

234 1418 439 1479 ultima
478 1418 669 1497 plebe,
712 1415 927 1479 auditis
954 1436 1105 1497 quae
1146 1420 1222 1479 ad
1257 1437 1392 1481 eum
1423 1420 1614 1481 delata
1649 1423 1833 1496 erant,
1876 1434 1998 1479 non
2035 1416 2310 1495 protinus

137 1506 211 1565 ll
234 1502 307 1563 ad
338 1522 539 1582 regem
573 1502 757 1563 fuisse
795 1500 1148 1565 cursurum?
1190 1522 1266 1564 ne
1304 1504 1566 1566 Cebalini
1599 1502 1832 1581 quidem
1875 1500 2172 1581 exemplo,
2219 1500 2312 1579 qui

235 1605 305 1648 ex
347 1590 527 1653 fratre
564 1596 863 1666 comperta
890 1589 1012 1667 ipsi·
1038 1590 1397 1663 nunciasset,
1446 1586 1850 1651 Parmenionis
1889 1586 2096 1660 filium,
2141 1605 2314 1665 prae-

234 1674 452 1735 fectum
472 1673 781 1753 equitatus„
810 1673 1069 1735 omnium
1094 1694 1440 1737 arcanorum
1463 1674 1620 1753 regis
1643 1668 1970 1737 arbitrum?
1999 1672 2314 1735 simulasse
2373 1671 2380 1688 ⁸

236 1757 429 1831 etiam,
456 1777 575 1819 non
595 1775 832 1817 vacasse
851 1759 1111 1819 sermoni
1134 1778 1244 1819 suo
1266 1779 1486 1838 regem,
1513 1778 1587 1821 ne
1603 1759 1779 1821 index
1803 1758 1978 1820 alium
1999 1756 2315 1819 internun-

137 1841 214 1901 12
238 1843 389 1903 cium
410 1849 737 1921 quaereret.
770 1842 1209 1917 Nicomachum,
1229 1845 1510 1923 religione
1532 1862 1766 1925 quoque
1783 1843 1962 1905 deum
1985 1842 2314 1916 astrictum,

235 1926 655 1988 conscientiam
680 1944 844 1988 suam
876 1946 1195 1990 exonerare
1223 1949 1606 2009 properasse:
1643 1928 1932 1992 Philotam
1960 1938 2314 2009 consumpto

233 2031 345 2092 per
369 2012 575 2074 ludum
602 2013 913 2092 iocumque
932 2032 1124 2092 paene
1148 2024 1272 2077 toto
1303 2017 1396 2076 die
1419 2027 1720 2094 gravatum
1743 2034 1876 2076 esse
1901 2031 2092 2094 pauca
2113 2015 2315 2090 verba,

236 2098 587 2177 pertinentia
622 2099 696 2160 ad
736 2108 913 2177 caput
958 2099 1135 2178 regiS‚
1182 2108 1302 2162 tam
1335 2103 1516 2180 longo
1551 2112 1608 2164 et
1657 2101 1904 2188 {orsitan
1944 2119 2314 2180 supervacuo

136 2186 216 2250 13
235 2183 501 2244 inserere
542 2184 821 2246 sermoni.
852 2211 857 2218 ·
886 2185 959 2246 At
1006 2185 1157 2245 enim
1204 2206 1326 2248 non
1367 2189 1690 2250 credidisse
1732 2186 1868 2249 talia
1909 2187 2318 2248 deferentibus

234 2268 466 2348 pueris!
540 2265 859 2349 Cur'igitur
884 2271 1230 2333 extraxisset
1267 2272 1532 2347 biduum,
1568 2282 1843 2352 tanquam
1871 2270 2090 2332 indicio
2129 2273 2319 2334 habe-

232 2364 327 2416 ret
351 2352 575 2416 fidem?
618 2356 1039 2418 Dimittendum
1076 2358 1260 2418 fuisse
1297 2357 1658 2432 Cebalinum,
1701 2358 1750 2419 si
1789 2357 2150 2420 delationem
2191 2359 2318 2420 eius

136 2438 215 2499 14
236 2440 575 2502 damnabat.
644 2443 715 2502 In
738 2461 847 2502 suo
874 2459 1165 2520 quemque
1195 2443 1454 2522 periculo
1478 2461 1756 2522 magnum
1781 2443 2044 2505 animum
2070 2444 2316 2518 habere,

238 2543 419 2602 quum
462 2527 537 2586 de
578 2527 769 2587 salute
806 2529 963 2604 regis
998 2528 1328 2602 timeretur,
1375 2532 1650 2592 credulos
1695 2547 1832 2590 esse
1872 2529 2112 2604 debere,
2165 2547 2316 2590 vana

135 2617 215 2676 15
236 2628 473 2688 quoque
499 2610 831 2671 deferentes
854 2613 1178 2674 admittere.
1245 2615 1668 2694 Omnesigitur
1694 2614 2100 2694 quaestionem
2123 2617 2202 2676 de
2226 2634 2313 2688 eo,

234 2701 299 2755 ut
324 2695 640 2774 participes
672 2697 908 2757 sceleris
934 2697 1195 2758 indicare
1221 2710 1546 2778 cogeretur,
1577 2700 1912 2762 habendam
1937 2717 2074 2761 esse
2101 2701 2316 2762 decer-

232 2791 401 2840 nunt.
464 2781 587 2842 Rex
615 2781 967 2853 admonitoS,
992 2792 1055 2842 ut
1078 2785 1385 2848 consilium
1409 2786 1642 2848 silentio
1670 2795 2026 2865 premerent,
2055 2785 2318 2848 dimittit.

255 2899 265 2906 -
364 2865 751 2928 Pronunciari
775 2867 989 2928 deinde
1018 2869 1127 2930 iter
1148 2869 1542 2950 inposterum
1566 2872 1748 2945 iubet,
1777 2889 1854 2932 ne
1881 2889 1994 2950 qua
2019 2873 2164 2932 novi
2186 2872 2318 2932 initi

136 2950 217 3012 16
239 2949 467 3024 consilii
501 2951 737 3014 daretur
775 2961 935 3014 nota.
999 2954 1282 3016 Invitatus
1325 2965 1414 3018 est
1453 2958 1622 3020 etiam
1663 2957 1922 3018 Philotas
1961 2957 2034 3016 ad
2073 2957 2316 3023 ultimas

234 3035 349 3114 ipsi
391 3036 611 3115 epulas,
654 3047 713 3098 et
751 3057 852 3099 rex
890 3059 1010 3100 non
1052 3059 1302 3102 coenare
1337 3043 1536 3117 mode,
1583 3040 1687 3104 sed
1730 3043 1904 3105 etiam
1945 3043 2317 3104 familiariter

136 3121 217 3183 17
236 3119 491 3202 colloqui
518 3141 649 3184 cum
677 3142 767 3197 eo,
802 3143 977 3203 quem
1006 3127 1400 3202 damnaverat,
1429 3128 1722 3193 sustinuit.
1787 3128 2064 3190 Secunda
2093 3128 2316 3190 deinde

236 3205 425 3284 vigilia
462 3207 779 3271 luminibus
824 3211 1120 3272 exstinctis
1159 3232 1292 3274 cum
1328 3215 1544 3293 paucis„
1572 3214 1637 3274 in
1674 3214 1895 3293 regiam
1943 3219 2164 3278 coeunt
2193 3215 2317 3276 He-

234 3293 547 3370 phaestion
585 3302 642 3355 et
670 3295 947 3358 CratErus
983 3304 1041 3356 et
1067 3295 1301 3358 Coenus
1339 3309 1395 3362 et
1419 3300 1705 3378 ErigyiuS,
1747 3299 1810 3360 hi
1855 3318 1922 3360 ex
1967 3299 2197 3374 amicis,
2245 3318 2316 3360 ex

236 3379 540 3458 armigeris
572 3388 767 3442 autem
793 3381 1103 3443 Perdiccas
1138 3395 1197 3444 et
1219 3383 1578 3448 Leonnatus.
1637 3386 1756 3446 Per
1784 3387 1898 3446 hos
1926 3383 2314 3465 imperatum,

140 3459 220 3520 18
238 3472 321 3537 ut,
364 3464 463 3544 qui
500 3466 574 3527 ad
609 3467 967 3547 praetorium
1009 3470 1394 3545 excubabant,
1437 3472 1646 3534 armati
1683 3471 2006 3550 vigilarent.
2065 3469 2198 3534 Iam
2237 3470 2316 3532 ad

242 3567 447 3612 omnes
472 3551 669 3618 aditus
694 3553 963 3636 dispositi
987 3565 1153 3619 erant
1180 3557 1411 3632 milites,
1437 3557 1666 3635 equites
1695 3575 1930 3638 quoque
1953 3555 2174 3623 itinera
2199 3557 2320 3620 ob-
