2417 3900
260 146 385 209 186
506 218 513 233 ,
725 146 823 209 DE
869 144 1131 207 GESTIS
1177 142 1605 205 ALEXANDRI
1647 143 1890 207 MAGNI

258 265 528 351 palmam,
575 284 689 345 qua
714 266 1021 326 Herculem
1046 262 1445 343 Liberumque
1460 262 1714 335 Patrem,
1753 262 1802 324 si
1824 262 2042 325 invidia
2066 263 2346 339 abfuerit,

155 363 240 425 30
258 353 546 432 aequabo.
612 352 757 411 Date
790 352 908 411 hoc
938 349 1216 429 precibus
1234 350 1397 430 ,meis
1428 357 1489 410 et
1513 346 1747 408 tandem
1776 349 2130 411 obstinatum
2155 348 2346 411 silen-

257 441 404 502 tium
428 436 700 516 rumpite.
746 435 859 497 Ubi
886 446 973 496 est
996 436 1091 495 ille
1118 436 1356 510 clamor,
1385 432 1696 495 alacritatis
1723 443 1948 495 vestrae
1970 431 2198 496 index?
2246 436 2347 496 ubi

256 526 355 587 ille
379 541 647 584 meorum
675 521 1066 583 Macedonum
1093 516 1330 582 vultus?
1375 518 1508 581 Non
1532 534 1790 597 agnosco
1819 539 1945 592 voS,
1971 519 2206 594 militeS,
2235 540 2348 583 nec

256 609 497 689 agnosci
520 608 724 669 videor
746 625 781 666 a
801 606 986 670 vobis,
1035 607 1256 667 Surdas
1281 604 1626 667 iamdudum
1653 622 1824 667 aures
1851 606 2052 685 pulso:
2099 623 2344 667 aversos

256 697 487 757 animos
516 702 575 754 et
600 694 879 755 infractos
908 690 1157 753 excitare
1184 709 1388 752 conor.

154 794 235 856 31
388 781 699 859 Quumque
722 777 805 839 illi
828 778 888 839 in
914 786 1131 839 terram
1158 776 1432 838 demissis
1459 774 1750 855 capitibus
1774 784 1967 836 tacere
1992 794 2342 855 persevera-

132 872 135 881 '
256 875 407 939 rent,
444 865 656 926 Nescio
681 862 843 943 quid,
867 862 1075 941 inquit,
1104 862 1453 940 imprudens
1475 862 1538 922 in
1563 880 1668 921 vos
1693 860 1928 939 deliqui,
1959 862 2119 939 quod
2141 881 2243 923 me
2269 882 2341 922 ne

256 950 470 1035 intueri
511 948 747 1030 quidem
788 948 981 1009 vultis,
1048 947 1117 1009 ln
1162 948 1478 1009 solitudine
1507 946 1651 1007 mihi
1684 946 1888 1007 videor
1929 966 2082 1008 esse.
2148 948 2339 1008 Nemo

154 1048 237 1111 32
256 1035 596 1117 respondet,
646 1051 822 1094 nemo
855 1034 1062 1095 saltem
1098 1042 1299 1113 negat.
1368 1033 1533 1107 Quos
1566 1028 1878 1111 alloquor?
1946 1032 2102 1106 Quid
2139 1042 2340 1094 autem

255 1116 534 1201 postulo?
597 1120 861 1180 Vestram
904 1118 1147 1197 gloriam
1186 1127 1244 1180 et
1280 1118 1745 1197 magnitudinem
1777 1118 2154 1181 vindicamuS.
2221 1120 2340 1179 Ubi

257 1217 395 1269 sunt
416 1206 515 1279 illi,
563 1222 812 1286 quorum
840 1214 1135 1267 certamen
1160 1205 1358 1285 paullo
1387 1215 1522 1266 ante
1546 1203 1662 1264 vidi
1691 1204 2186 1277 contendentium,
2231 1207 2340 1283 qui

256 1292 629 1373 potissimum
655 1290 940 1352 vulnerati
968 1291 1127 1369 regis
1150 1310 1365 1371 corpus
1391 1286 1775 1369 exciperent?
1819 1290 2121 1364 DesertuS,
2151 1280 2338 1351 de'sti-

154 1388 237 1449 33
258 1388 414 1439 tutus
440 1396 589 1450 sum,
614 1376 1161 1439 hostibusdeditus.
1225 1377 1344 1457 Sed
1374 1376 1538 1438 solus
1563 1394 1796 1455 quoque
1819 1376 1906 1437 ire
1925 1377 2340 1457 perseverabo.

259 1462 503 1525 Obiicite
525 1480 621 1523 me
642 1462 981 1523 fluminibus
1002 1472 1060 1523 et
1076 1462 1267 1523 beluis
1292 1469 1350 1522 et
1371 1462 1481 1524 illis
1507 1460 1796 1540 gentibus,
1828 1480 2073 1540 quarum
2098 1464 2338 1522 nomina

255 1549 529 1610 horretis,
595 1547 911 1621 Inveniam,
958 1548 1057 1627 qui
1100 1548 1398 1609 desertum
1438 1566 1472 1607 a
1500 1546 1662 1607 vobis
1692 1550 2042 1625 sequantur:
2088 1548 2339 1627 Scythae

254 1634 663 1712 Bactrianique
702 1644 876 1695 erunt
914 1652 1172 1706 mecum,
1222 1634 1425 1695 hostes
1463 1619 1659 1713 paullo
1705 1641 1868 1704 ante,
1924 1652 2083 1694 nunc
2123 1634 2337 1695 milites

153 1729 237 1788 34
255 1720 460 1781 nostri.
507 1717 656 1778 Mori
682 1725 941 1797 praestat
976 1736 1147 1795 quam
1181 1717 1447 1797 precario
1479 1718 1898 1797 imperatorem
1925 1736 2076 1779 esse.
2121 1718 2216 1781 lte
2241 1739 2339 1779 re·
2397 1744 2399 1751 ⁴

258 1806 438 1865 duces
468 1804 696 1875 domOS,
737 1803 815 1864 ite
846 1804 1082 1863 deserto
1115 1823 1254 1880 rege
1281 1810 1544 1864 ovanteS.
1588 1804 1712 1882 Ego
1737 1803 1834 1863 hic
1859 1822 1893 1863 a
1921 1804 2090 1865 vobis
2118 1805 2338 1884 despe-

256 1897 415 1952 ratae
442 1887 713 1947 vietoriae
737 1898 835 1949 aut
858 1889 1139 1950 honestae
1164 1889 1340 1950 morti
1361 1890 1553 1951 locum
1578 1889 1888 1952 inveniam.

198 1980 232 2040 1
387 1975 543 2052 Cap.
581 1973 682 2034 111.
728 1973 814 2034 Ne
858 1974 944 2034 sic
984 1975 1220 2054 quidem
1264 1975 1360 2036 ulli
1391 1975 1646 2038 militum
1687 1996 1799 2037 vox
1839 1975 2084 2054 exprimi
2123 1977 2338 2055 potuit.

250 2059 701 2137 Exspectabam,
741 2068 805 2121 ut
834 2061 1015 2120 duces
1042 2061 1457 2139 prinpresque
1486 2063 1558 2123 ad
1586 2073 1783 2140 regem
1810 2063 2164 2140 perferrent,
2209 2065 2336 2123 vul·
2396 2069 2397 2124 ἑ

252 2145 491 2206 neribus
530 2155 586 2204 et
614 2146 890 2206 continuo
920 2146 1120 2207 labore
1145 2147 1382 2208 militiae
1410 2148 1676 2226 fatigatos
1703 2167 1819 2209 non
1851 2148 2180 2208 detrectare
2205 2167 2336 2209 mu-

193 2231 369 2304 2nia,
410 2231 513 2290 sed
550 2231 841 2292 sustinere
868 2250 984 2291 non
1026 2251 1223 2311 posse.
1271 2234 1538 2294 Ceterum
1569 2232 1650 2293 illi
1682 2241 1839 2292 metu
1873 2232 2099 2293 attoniti
2128 2233 2192 2294 in
2215 2243 2334 2294 ter—

249 2335 375 2377 ram
406 2335 506 2376 ora
532 2317 868 2377 defixerant.
913 2317 1067 2396 Ergo
1094 2319 1284 2396 primo
1308 2319 1572 2380 fremitus
1595 2338 1699 2378 sua
1723 2330 1955 2397 sponte,
1985 2318 2206 2380 deinde
2231 2339 2334 2397 ge-

2397 1770 2400 1923 ἆ

2395 2125 2397 2257 l

250 2402 429 2463 mitus
466 2421 700 2481 quoque
739 2402 954 2476 oritur3
1004 2404 1416 2482 paullatimque
1451 2403 1690 2464 liberius
1730 2405 1900 2465 dolor
1936 2404 2082 2483 erigi
2119 2407 2334 2482 coepit,
2394 2465 2395 2472 ,

251 2488 623 2548 manantibus
646 2487 917 2556 lacrimiS,
966 2489 1113 2549 adeo
1146 2498 1206 2549 ut
1239 2508 1340 2550 rex
1373 2489 1457 2549 ira
1485 2488 1544 2548 in
1574 2489 2031 2550 inisericordiam
2060 2494 2226 2552 versa
2251 2509 2334 2550 ne

250 2571 379 2650 ipse
420 2573 684 2649 quidem,
733 2592 1082 2653 quamquam
1128 2586 1399 2653 cuperet,
1449 2584 1774 2652 temperare
1823 2575 2005 2636 oeulis
2053 2577 2333 2654 potuerit.

190 2655 513 2719 3Tandem
558 2658 824 2718 universa
870 2660 1153 2720 concione
1204 2659 1442 2720 effusius
1486 2662 1662 2722 flente
1708 2661 1936 2720 Coenus
1991 2680 2177 2722 ausus
2224 2671 2330 2734 est,

253 2741 666 2802 cunctantibus
694 2745 918 2814 ceteris,
965 2745 1209 2824 propius
1252 2745 1502 2807 tribunal
1535 2746 1837 2818 accedere,
1883 2746 2228 2824 significans
2269 2766 2332 2808 se

190 2825 409 2904 4loqui
447 2827 609 2887 velle.
678 2827 866 2900 Quem
902 2839 963 2890 ut
996 2831 1191 2890 videre
1225 2831 1434 2891 milites
1468 2831 1867 2891 detrahentem
1902 2833 2126 2910 galeam
2157 2835 2334 2910 capiti

252 2907 359 2990 (ita
386 2910 539 2972 enim
565 2930 765 2989 regem
790 2915 1006 2994 alloqui
1031 2935 1158 2976 mos
1185 2917 1322 2991 est),
1347 2917 1568 2977 hortari
1593 2921 1932 2996 coeperunt,
1969 2926 2033 2979 ut
2057 2930 2332 2980 caussam

250 2996 537 3057 exercitus
564 3009 778 3075 ageret.
1223 3017 1230 3026 ·

184 3083 231 3162 ὖ
378 3083 527 3142 Tum
556 3084 805 3156 Coeum,
831 3081 921 3144 Dii
945 3083 1311 3162 prohibeant,
1338 3085 1539 3165 inquit,
1568 3105 1600 3145 a
1629 3087 1799 3146 nobis
1826 3086 2034 3164 impias
2061 3099 2328 3160 mentes3
2390 3137 2391 3148 ,

248 3176 307 3228 et
328 3169 592 3246 profecto
616 3168 946 3248 prohibent.
993 3168 1156 3228 Idem
1180 3171 1407 3232 animus
1433 3181 1522 3232 est
1544 3171 1678 3240 tuis,
1708 3171 1805 3250 qui
1833 3172 1938 3232 ruit
1957 3191 2220 3254 semper,
2249 3175 2326 3233 ire

248 3270 366 3330 quo
391 3255 655 3328 iusseris,
682 3273 963 3334 pugnare,
998 3253 1330 3332 periclitari,
1362 3257 1646 3336 sanguine
1673 3269 1878 3318 nostro
1903 3261 2324 3320 commendare

245 3339 572 3414 posteritati
593 3350 757 3402 tuum
783 3357 1018 3401 nomen.
1062 3338 1317 3400 Proinde
1341 3342 1390 3402 si
1414 3361 1780 3421 perseveraS‚
1803 3342 2062 3404 inermes
2087 3361 2328 3424 quoque

248 3432 309 3480 et
335 3425 474 3485 nudi
502 3438 553 3486 et
582 3443 924 3504 exsangueS,
948 3434 1243 3504 utcunque
1261 3427 1366 3488 tibi
1393 3429 1554 3489 cordi
1578 3439 1685 3500 est,
1711 3427 2011 3506 sequimur
2039 3430 2132 3490 vel
2155 3440 2328 3492 ante-

186 3503 230 3562 6
250 3508 528 3571 cedimus,
572 3513 688 3574 Sed
716 3511 764 3573 si
790 3509 990 3571 audire
1012 3511 1097 3571 vis
1124 3531 1246 3572 non
1270 3513 1432 3574 fictas
1457 3524 1688 3575 tuorum
1719 3515 1962 3575 militnm
1989 3533 2188 3588 voces,
2229 3533 2328 3574 ve-

248 3605 381 3650 rum
419 3598 774 3659 necessitate
816 3596 1015 3658 ultima
1054 3615 1366 3675 expressas
1385 3645 1399 3672 ,
1443 3600 1662 3678 praebe
1678 3647 1693 3674 ,
1734 3600 1982 3679 quaeso,
2023 3599 2326 3679 propitias

2391 2779 2394 2924 J
