2417 3900
610 50 757 119 Lis.
800 50 873 111 x.
916 48 1129 127 (vm.)
1174 48 1334 111 cAP.
1377 50 1447 110 v.
1494 14 1740 109 1-2-19.
2009 132 2014 140 ι
2090 50 2224 115 213

136 170 371 253 ⁸doloris
412 168 885 247 magnitudinem
934 183 1149 247 capere
1186 183 1302 229 nec
1352 186 1418 228 se
1469 168 1634 247 ipsos
1681 168 1834 229 intra
1871 170 2224 234 vestibulum

144 256 343 335 regiae
390 263 596 315 tenere
644 260 967 335 potuerunt
1007 250 1260 330 vagique
1275 260 1368 315 ,et
1411 253 1742 315 furentibus
1784 253 2006 315 similes
2039 265 2222 319 totam

146 344 358 404 urbem
384 342 542 407 luctu
564 356 635 400 ac
658 352 930 401 maerore
958 337 1408 417 compleverant,
1439 337 1613 400 nullis
1642 340 1948 419 questibus
1971 340 2226 418 omissis,

146 446 301 507 quos
318 426 383 487 in
406 424 509 492 tali
530 444 673 486 casu
692 422 1161 503 dolor-suggerit.
1202 422 1360 503 Ergo
1381 424 1481 502 qui
1499 434 1662 486 extra
1678 425 1904 504 regiam
1923 426 2229 489 astiterant
2243 436 2284 498 9

142 512 511 575 Macedones
546 509 771 592 pariter
803 508 1159 587 barbarique
1194 517 1582 584 concurrunt,
1635 529 1748 571 nec
1783 518 2060 591 poterant
2091 513 2231 574 victi

140 618 180 661 a
220 596 543 660 victoribus
583 595 647 658 in
690 593 991 669 communi
1027 594 1234 654 dolore
1272 594 1545 655 discerni.
1595 594 1812 657 Persae
1844 596 2230 659 iustissimum

137 704 221 747 ac
250 682 621 745 mitissimum
653 680 981 754 dominum,
1020 679 1374 741 Macedones
1423 680 1711 759 optimum
1747 700 1816 743 ac
1848 682 2232 745 fortissimum

137 787 353 848 regem
398 767 735 830 invocantes
774 774 1069 828 certamen
1109 765 1410 847 quoddam
1441 765 1728 827 maeroris
1763 767 2036 829 edebant.
2107 768 2232 830 Nec
2253 773 2333 836 10

139 861 511 920 maestorum
534 855 743 928 solum,
766 852 875 914 sed
900 850 1073 912 etiam
1088 851 1521 929 indignantium
1545 872 1720 913 voces
1747 854 2230 929 exaudiebantur,
2289 872 2297 879 ’

133 950 267 1003 tam
292 940 533 1001 viridem
558 948 617 1001 et
638 939 703 1001 in
724 940 873 1000 flore
894 936 1097 997 aetatis
1114 938 1503 1017 fortunaeque
1525 937 1736 999 invidia
1760 939 1936 1000 deum
1963 948 2230 1019 ereptum

142 1045 281 1089 esse
300 1025 481 1088 rebus
501 1023 796 1087 humanis.
849 1022 1027 1102 Vigor
1049 1020 1174 1084 eius
1202 1030 1263 1084 et
1295 1023 1490 1085 vultus
1515 1024 1818 1085 educentis
1845 1024 1906 1087 in
1933 1025 2230 1105 proelium

137 1112 378 1186 militeS,
411 1110 739 1173 obsidentis
772 1109 973 1183 urbes,
1016 1108 1319 1170 evadentis
1343 1110 1407 1169 in
1439 1128 1662 1183 muros,
1709 1111 1890 1171 fortes
1927 1110 2083 1171 viros
2118 1127 2230 1188 pro

140 1198 434 1261 concione
462 1196 737 1257 donantis
766 1194 1157 1256 occurrebant
1182 1193 1388 1256 oculis·
1442 1196 1594 1256 Tum
1619 1194 1974 1273 Macedo-nes
2001 1194 2229 1256 divinos
2252 1196 2332 1258 11

134 1286 416 1347 honores
440 1298 692 1361 negasse
724 1280 779 1341 ei
808 1280 1171 1359 poenitebat,
1204 1280 1538 1361 impiosque
1575 1291 1635 1341 et
1661 1280 1922 1360 ingratos
1946 1280 2130 1343 fuisse
2163 1300 2230 1343 se

136 1370 595 1440 confitebantur,
620 1366 783 1445 quod
806 1384 981 1427 aures
1008 1366 1135 1427 eius
1159 1366 1352 1427 debita
1375 1366 1763 1448 appellatione
1790 1366 2186 1429 fraudassent.

274 1456 347 1515 Et
384 1448 581 1533 quum'
601 1452 704 1513 diu
731 1470 891 1513 nunc
922 1450 984 1513 in
1014 1452 1408 1527 veneratione,
1448 1471 1607 1514 nunc
1637 1453 1700 1512 in
1742 1453 2032 1515 desiderio
2068 1451 2228 1531 regis

136 1540 503 1613 haesissent,
523 1538 586 1599 in
608 1538 775 1618 ipsos
798 1555 967 1599 versa
985 1538 1280 1599 miseratio
1299 1546 1408 1599 est.
1453 1537 1793 1599 Macedonia
1809 1536 2056 1619 profecti
2072 1538 2228 1600 ultra
2250 1535 2331 1598 12

136 1626 491 1704 Euphraten
524 1624 587 1685 in
621 1622 831 1685 mediis
864 1623 1137 1685 hostibus
1172 1641 1390 1699 novum
1429 1622 1739 1704 imperium
1774 1623 2228 1704 aspernantibus

137 1706 465 1773 destitutos
498 1728 565 1771 se
588 1727 720 1771 esse
743 1709 1098 1787 cernebant3
1136 1708 1266 1769 sine
1288 1716 1448 1770 certo
1477 1708 1636 1787 regis
1667 1710 1905 1783 herede,
1944 1709 2096 1788 [sine
2120 1708 2228 1770 be-
2327 1726 2336 1734 ·

67 1792 70 1843 ῗ
134 1796 291 1858 rede
336 1794 558 1873 regni,}
592 1793 857 1875 publicas
900 1794 1053 1856 vires
1099 1795 1173 1856 ad
1221 1814 1288 1855 se
1323 1814 1618 1875 quemque
1661 1803 2004 1858 tracturum.
2068 1792 2229 1855 Bella
2250 1790 2333 1853 13

134 1880 361 1943 deinde
382 1880 580 1956 civilia,
602 1898 749 1962 quae
766 1889 1013 1960 sequuta
1032 1888 1189 1956 sunt,
1206 1881 1504 1943 mentibus
1529 1880 1994 1961 augurabantur:
2013 1880 2228 1942 iterum

132 1986 265 2032 non
304 1967 377 2028 de
412 1986 597 2046 regno
622 1967 815 2042 Asiae,
850 1968 956 2028 sed
982 1969 1057 2029 de
1080 1985 1224 2046 rege
1260 1967 1406 2047 ipsis
1431 1969 1778 2047 sanguinem
1813 1984 1945 2029 esse
1971 1967 2228 2029 funden-

136 2055 318 2128 dum;
351 2052 523 2114 novis
547 2051 889 2114 vulneribus
921 2060 1149 2114 veteres
1174 2054 1536 2133 rumpendas
1563 2054 1888 2130 cicatrices3
1917 2070 2091 2114 senes
2120 2052 2227 2113 de·
2251 2053 2334 2115 14

133 2141 313 2212 biles,
363 2139 542 2200 modo
578 2137 758 2219 petita
789 2137 1073 2200 missione
1108 2155 1145 2198 a
1175 2137 1332 2200 iusto
1363 2157 1521 2218 rege,
1566 2158 1726 2227 nune
1761 2138 2080 2202 morituros
2115 2154 2227 2218 pro
2296 2203 2304 2212 ‚

135 2225 423 2306 potentia.
457 2224 705 2286 forsitan
740 2223 1003 2286 satellitis
1036 2222 1282 2285 alicuius
1313 2223 1608 2304 ignobilis
1675 2225 1796 2288 Has
1844 2223 2226 2305 cogitationes
2250 2223 2331 2285 15

133 2309 513 2372 volventibus
545 2327 670 2372 nox
702 2309 1044 2389 supervenit
1064 2318 1470 2391 terroremque
1493 2311 1670 2376 auxit.
1725 2310 1938 2376 Milites
1959 2310 2022 2372 in
2049 2309 2226 2371 armis

133 2395 479 2475 vigilabant,
512 2395 817 2477 Babylonii
850 2396 1001 2458 alius
1027 2415 1060 2457 e
1087 2395 1294 2471 marie,
1331 2397 1480 2460 alius
1505 2417 1538 2459 e
1562 2397 1814 2460 culmine
1847 2397 1936 2459 sui
1973 2397 2228 2476 quisque

133 2481 281 2544 tecti
306 2482 785 2562 prospectabant,
821 2481 989 2562 quasi
1015 2482 1264 2545 certiora
1291 2482 1486 2546 visuri.
1529 2484 1655 2546 Nec
1677 2482 1986 2563 quisqu-am
2007 2478 2228 2544 lumina
2247 2489 2330 2552 16

136 2567 399 2630 audebat
432 2570 774 2638 accendere.
833 2569 909 2630 Et
944 2568 1080 2650 quia
1114 2569 1422 2632 oculorum
1461 2568 1732 2631 cessabat
1757 2587 1920 2643 usus,
1959 2566 2227 2630 fremitus

136 2671 441 2733 vocesque
466 2653 709 2716 auribus
734 2655 1062 2734 captabant,
1089 2673 1161 2716 ac
1175 2656 1524 2735 plerumque
1547 2673 1700 2717 vano
1725 2664 1885 2716 metu
1905 2653 2092 2717 territi
2113 2669 2230 2734 per

140 2738 435 2801 obscuras
482 2739 741 2815 semitas,
785 2739 931 2802 alius
971 2741 1067 2804 alii
1116 2749 1512 2814 occursanteS‚
1565 2741 1813 2802 invicem
1861 2739 2120 2822 suspecti
2167 2745 2226 2799 et

138 2823 381 2886 solliciti
416 2825 773 2889 ferebantur.
830 2827 1047 2888 Persae
1070 2827 1254 2888 comis
1279 2845 1397 2890 suo
1423 2845 1602 2887 more·
1619 2826 1884 2888 detonsis
1905 2826 1968 2889 in
1993 2823 2226 2906 lugubri
2246 2825 2328 2890 1¹7

138 2919 307 2972 veste
328 2928 460 2974 cum
481 2911 829 2992 coniugibus
846 2931 917 2974 ac
935 2911 1137 2974 liberis
1163 2931 1286 2974 non
1309 2921 1372 2974 ut
1397 2911 1680 2974 victorem
1697 2921 1755 2974 et
1774 2914 1951 2974 modo
1967 2915 2225 2981 hostem,

142 2996 253 3058 sed
292 3002 357 3057 ut
380 2997 571 3076 gentis
597 3017 739 3060 suae
768 2997 1161 3064 iustissimum
1188 3016 1392 3077 regem
1428 3015 1570 3060 vero
1605 2997 1902 3060 desiderio
1926 2995 2226 3076 lugebant.

137 3079 379 3144 Assueti
396 3083 507 3144 sub
532 3101 671 3163 rege
689 3083 881 3149 vivere
899 3103 1023 3148 non
1037 3083 1237 3160 alium,
1263 3082 1364 3163 qui
1380 3083 1694 3164 imperaret
1709 3084 1872 3166 ipsis,
1897 3081 2226 3161 digniorem

140 3166 329 3230 fuisse
352 3169 803 3232 confitebantur.

274 3253 400 3315 Nec
421 3255 606 3316 muris
640 3253 803 3316 urbis
832 3254 1025 3316 luctus
1066 3253 1495 3328 continebatur,
1539 3255 1644 3316 sed
1677 3251 2000 3333 proxim-am
2025 3247 2224 3325 regio-
2246 3253 2356 3319 182

143 3356 284 3400 nem
326 3339 399 3399 ab
440 3358 527 3412 ea,
574 3340 787 3402 deinde
819 3357 1091 3417 magnam
1127 3345 1352 3418 partem
1380 3338 1551 3401 Asiae
1588 3340 1670 3402 cis
1695 3335 2044 3412 *Euphraten
2075 3335 2222 3396 tanti

139 3423 279 3487 mali
306 3425 461 3486 sama
482 3431 837 3503 pervaserat.
883 3422 971 3482 Ad
992 3423 1168 3484 Darei
1186 3437 1422 3498 quoque
1437 3431 1684 3482 matrem
1711 3418 1978 3477 celei-iter
1999 3420 2222 3496 perlata
2243 3425 2322 3484 19

140 3517 257 3574 est.
322 3507 601 3576 Abscissa
637 3526 781 3587 ergo
815 3513 998 3580 veste,
1049 3523 1166 3584 qua
1200 3503 1406 3562 induta
1441 3509 1608 3573 erat,
1627 3497 1936 3574 lugubrem
1972 3502 2230 3581 sumpsit
