2417 3900
296 105 427 165 220
528 154 533 159 .
770 105 868 165 DE
914 102 1177 164 GESTls
1223 102 1650 164 ALEXANDRI
1693 103 1934 165 MAGNI

296 244 477 305 quum
524 225 691 302 ipsos
730 224 1003 283 alimenta
1048 223 1394 295 deficerent,
1435 223 1582 283 urbe
1618 224 1994 294 excederent,
2039 228 2096 281 et
2136 217 2338 299 utrique

296 310 496 391 generi
522 310 705 369 tutior
722 309 911 369 aliena
938 308 1112 369 sedes
1134 326 1306 388 quam
1330 326 1436 368 sua
1461 308 1774 369 videretur.

194 404 279 467 14
324 423 333 431 -
424 397 691 469 Quorum
712 392 1248 455 consternationem
1262 392 1617 453 Macedones
1638 394 1800 455 veriti
1819 394 1880 455 in
1899 390 2117 470 regiam
2137 394 2342 463 coeunt,
2386 404 2387 409 ’

265 497 563 561 quaeque
596 479 861 558 ipsorum
904 478 1195 540 sententia
1228 486 1411 553 esset,
1464 487 1784 559 exponunt.
1861 476 2132 539 Placebat
2177 482 2346 536 autem

293 569 520 645 legatos
540 565 615 625 ad
635 565 858 645 equites
877 564 1026 625 mitti
1050 564 1125 647 de
1148 564 1406 625 finienda
1432 564 1726 625 discordia
1745 564 2036 643 armisque
2059 562 2346 641 ponendis.
2386 566 2387 569 ’

193 657 273 720 15
294 653 479 732 Igitur
508 669 540 711 a
576 669 717 729 rege
751 652 981 730 legatur
1003 650 1185 711 Pasas
1229 649 1568 725 Thessalus,
1609 658 1668 711 et
1701 650 1962 712 Amissas
1993 647 2350 725 Megalopoli-

292 749 489 811 tanus,
509 744 567 797 et
583 736 874 800 Perilaus:
902 736 1001 815 qui
1024 754 1202 816 quum
1227 737 1502 809 mandata,
1521 735 1679 815 regis
1704 736 2044 807 edidissent,
2069 752 2191 793 non
2211 734 2349 793 aliter

293 823 593 901 posituros
628 840 791 884 arma
817 822 1066 901 equites,
1106 838 1282 901 quam
1316 823 1366 882 si
1398 840 1502 883 rex
1537 823 1870 883 discordiae
1896 829 2170 881 auctores
2205 817 2348 879 dedi-

194 908 499 982 ledisset,
538 907 729 968 tulere
770 924 1146 986 responsum.
1215 906 1320 967 His
1363 908 1724 969 renunciatis
1765 926 1868 969 sua
1907 915 2124 985 sponte
2161 904 2348 964 milites

293 1011 454 1054 arma
478 992 733 1071 capiunt.
788 993 1054 1065 Quorum
1077 992 1333 1053 tumultu
1359 1011 1391 1052 e
1412 993 1572 1071 regia
1595 994 1900 1073 Phi-lippus
1923 992 2166 1064 excitu3‚
2199 989 2350 1061 Nihil,

290 1077 510 1157 inquit,
551 1077 841 1140 seditione
874 1086 963 1139 est
996 1096 1169 1159 opus.
1239 1078 1389 1139 Nam
1426 1078 1580 1139 inter
1612 1099 1676 1140 se
1718 1077 2066 1141 certantium
2098 1074 2350 1155 praemia,

194 1166 275 1227 17
294 1163 393 1242 qui
440 1163 781 1244 quieverint,
818 1164 1210 1244 occupabunt.
1281 1164 1471 1226 Simul
1509 1173 1862 1226 mementote
1899 1180 2026 1223 rem
2069 1178 2188 1221 esse
2221 1178 2349 1220 cum

292 1249 550 1324 civibuS,
595 1250 807 1329 quibus
840 1248 1264 1331 spem'gratiae
1298 1250 1409 1310 cito
1449 1251 1800 1329 abrumpere
1835 1250 1909 1311 ad
1951 1247 2166 1308 bellum
2201 1246 2354 1306 civile

192 1334 273 1397 18
291 1336 735 1414 properantium
762 1344 873 1397 est.
926 1336 1121 1398 Altera
1144 1334 1436 1413 legatione
1463 1354 1537 1396 an
1561 1335 1808 1413 mitigari
1833 1333 2084 1413 possint,
2113 1331 2354 1411 experia-

289 1438 441 1495 mur,
478 1429 534 1480 et
572 1421 768 1494 credo,
808 1420 1072 1482 nondum
1104 1421 1264 1499 regis
1291 1438 1538 1503 corpore
1567 1421 1800 1501 sepulto
1825 1420 1898 1481 ad
1932 1419 2284 1498 praestanda
2311 1415 2352 1476 ei

191 1504 270 1567 19
290 1505 442 1567 iusta
466 1524 673 1567 omnes
698 1522 829 1567 esse
856 1506 1132 1567 coituros.
1180 1504 1356 1579 Quod
1378 1508 1452 1567 ad
1475 1524 1567 1567 me
1594 1508 1814 1579 attinet,
1853 1506 2108 1566 reddere
2131 1504 2356 1564 hocim-

136 1592 149 1601 ‘
290 1590 520 1671 perium
564 1592 719 1653 malo
756 1609 932 1669 quam
971 1610 1246 1653 exercere
1285 1591 1493 1654 civium
1531 1592 1835 1671 sanguine,
1876 1599 1934 1652 et
1975 1592 2026 1651 si
2063 1590 2224 1651 nulla
2271 1588 2360 1649 alia

186 1673 271 1737 20
292 1676 645 1739 concordiae
674 1696 814 1756 spes
843 1685 951 1751 est,
988 1695 1092 1737 oro
1124 1694 1490 1758 quaesoque,
1533 1677 1724 1756 eligite
1763 1676 2074 1757 potiorem.
2138 1674 2360 1736 Obortis

292 1761 508 1822 deinde
533 1761 788 1823 lacrimis
812 1762 1355 1824 diademadetrahit
1373 1764 1566 1843 capiti,
1586 1764 1868 1836 dextram,
1895 1780 2014 1841 qua
2037 1761 2102 1822 id
2119 1760 2360 1831 tenebat,

266 1847 685 1925 *protendenffi
728 1854 825 1920 ut,
874 1847 925 1907 si
967 1847 1098 1925 quis
1139 1866 1203 1907 se
1247 1848 1575 1927 digniorem
1616 1850 2019 1930 profiteretur,
2063 1847 2362 1927 acciperet.

184 1931 269 1994 21
288 1930 597 2009 Ingentem
626 1949 795 2010 spem
820 1930 1053 2006 indolis»,
1081 1940 1218 1994 ante
1247 1952 1381 1994 eum
1405 1934 1558 1996 diem
1588 1934 1781 1997 fratris
1807 1932 2064 1996 claritate
2089 1951 2364 2014 suppres-

290 2034 437 2090 sam,
476 2035 547 2078 ea
572 2018 875 2079 moderata
902 2016 1167 2079 excitavit
1193 2020 1398 2080 oratio.
1456 2020 1658 2100 Itaque
1684 2020 1876 2082 cuncti
1911 2019 2138 2080 instare
2165 2037 2368 2098 coepe·

184 2101 269 2164 22
288 2111 456 2176 runt,
499 2110 593 2177 ut,
636 2113 787 2182 quae
822 2103 1129 2184 agitasset,
1166 2106 1412 2185 exsequi
1447 2106 1634 2169 vellet.
1683 2106 1940 2168 Eosdem
1981 2123 2195 2167 rursus
2229 2106 2368 2181 legat

285 2188 597 2266 petituros,
628 2196 693 2249 ut
715 2188 1073 2270 Meleagrum
1095 2191 1335 2252 tertium
1362 2192 1568 2253 ducem
1600 2182 1951 2272 acciperent.
1997 2189 2178 2252 Haud
2205 2205 2368 2268 aegre

285 2275 347 2334 id
372 2273 741 2354 impetratum
766 2283 874 2337 est.
918 2277 1065 2338 Nam
1095 2284 1154 2337 et
1174 2275 1469 2338 abducere
1491 2277 1845 2356 Meleagrum
1869 2275 2153 2337 Perdicca
2179 2295 2214 2336 a
2240 2291 2368 2352 rege

290 2360 591 2440 cupiebat,
642 2367 701 2420 et
745 2379 927 2422 unum
972 2361 1203 2423 duobus
1251 2363 1534 2444 imparem
1584 2364 1843 2425 futurum
1891 2380 2026 2422 esse
2067 2361 2366 2423 censebat.

184 2439 269 2502 23
287 2444 472 2523 Igitur
489 2445 781 2524 Meleagro
805 2463 936 2507 cum
960 2447 1251 2527 phalange
1281 2448 1510 2510 obviam
1541 2466 1778 2526 egresso
1803 2447 2088 2508 Perdicca
2117 2447 2364 2526 equitum

288 2541 512 2592 turmas
557 2531 912 2593 antecedens
956 2533 1231 2594 occurrit.
1293 2534 1618 2612 Utrumque
1653 2550 1864 2612 agmen
1907 2535 2116 2594 mutua
2159 2533 2370 2594 saluta·-

288 2615 644 2758 tioneflsacta
676 2615 809 2691 coit,
844 2616 905 2678 in
942 2627 1310 2698 perpetuum,
1357 2617 1902 2692 utarbitrabantur,
1945 2618 2276 2680 concordia
2320 2621 2374 2674 et

290 2716 435 2777 pace
499 2708 700 2762 rmata.

233 2784 269 2845 1
419 2783 576 2863 Cap.
604 2785 704 2847 IX.
763 2784 900 2858 Sed,
944 2784 1061 2846 iam
1102 2785 1239 2848 fatis
1281 2786 1742 2849 admovebantur
1775 2787 2170 2850 Macedcnum
2213 2780 2376 2862 genti

288 2865 440 2928 bella
476 2870 677 2932 civilia.
742 2869 890 2931 Nam
920 2879 983 2932 et
1011 2870 1352 2934 insociabile
1385 2883 1476 2934 est
1504 2891 1770 2952 regnum,
1808 2882 1870 2936 vet
1899 2891 1932 2932 a
1961 2871 2245 2952 pluribus
2281 2886 2376 2928 ex·

230 2953 270 3014 2
289 2951 617 3031 petebatur.
678 2955 937 3017 Primum
968 2975 1109 3036 ergo
1145 2957 1432 3036 collegere
1469 2960 1637 3032 vires,
1680 2959 1896 3022 deiude
1922 2958 2372 3038 disperserunt:

292 3045 351 3097 et
396 3057 572 3116 quum
622 3040 891 3118 pluribus
942 3048 1157 3122 corpus
1206 3059 1383 3124 quam
1430 3043 1698 3124 capiebat
1738 3051 2128 3117 onerassent,
2189 3050 2370 3104 cetera

288 3124 551 3183 membra
585 3125 838 3186 deficere
872 3133 1222 3207 coeperuut3
1265 3129 1539 3209 quodque
1566 3129 1874 3210 imperium
1907 3129 2020 3191 sub
2051 3145 2192 3190 uno
2235 3135 2367 3189 stare

230 3203 270 3266 3
288 3209 595 3286 potuisset,
624 3210 762 3271 dum
788 3228 822 3269 a
848 3211 1113 3289 pluribus
1140 3212 1478 3288 sustinetur,
1503 3215 1656 3278 ruit:
1681 3215 1937 3278 Proinde
1953 3213 2100 3276 'iure
2125 3214 2364 3276 merito·

290 3309 403 3370 que
425 3295 681 3374 populus
703 3295 1004 3357 Romanus
1027 3297 1273 3360 salutem
1300 3317 1366 3359 se
1386 3299 1638 3381 principi
1659 3319 1770 3363 sue
1795 3301 2014 3364 debere
2037 3301 2362 3380 profitetur,

289 3377 388 3456 qui
408 3381 611 3458 noctis,
634 3399 809 3464 quam
830 3398 1019 3460 paene
1037 3387 1372 3462 supremam
1392 3384 1721 3462 habuimuS,
1739 3402 1956 3450 novum
1975 3385 2158 3448 sidus
2179 3379 2368 3446 illuxit-

228 3455 270 3518 4
288 3460 475 3526 Huius-
500 3468 755 3544 hercule,
789 3486 909 3530 non
944 3467 1085 3530 solis
1112 3477 1276 3530 ortus
1311 3469 1499 3532 lucem
1537 3471 1804 3550 caliganti
1828 3471 2100 3535 reddidit
2123 3467 2371 3532 mundo,

232 3544 270 3603 ὗ
290 3563 470 3640 quum
500 3553 629 3617 sine
664 3573 775 3618 suo
802 3552 993 3635 capite
1028 3553 1322 3620 discordia
1354 3557 1620 3622 membra
1643 3559 2024 3640 trepidarent.
2081 3557 2270 3629 Quot
2291 3551 2376 3612 ine
