2417 3900
13 2393 26 2592 ----υ---ν------’,ἡ
14 2369 16 2376 -
14 2329 16 2342 -
14 2231 16 2238 -

228 53 312 131 72
670 50 770 119 DE
814 49 1076 111 osseus
1120 44 1551 111 smmum
1594 46 1837 110 mem

197 232 218 239 ,
231 172 558 251 Antigenes
578 170 740 236 visus
773 177 893 246 est3
937 168 1173 231 tertium
1205 168 1401 229 locum
1426 165 1688 229 Philotas
1724 166 1997 245 Augaeus
2024 165 2341 245 obtinuit;

235 265 482 343 quartus
503 258 788 337 Amyntae
811 256 1014 331 datus3
1033 260 1174 337 post
1193 253 1309 315 hos
1330 253 1677 333 Antigonus
1704 260 1763 313 et
1786 252 1861 313 ab
1888 270 1959 312 eo
1987 250 2339 333 Lyncestes

233 346 516 425 Amyntas
552 344 692 419 fuit3
741 342 1059 422 septimum
1101 340 1301 401 locum
1335 339 1700 413 Theodotus,
1746 336 2017 401 ultimum
2055 338 2339 401 obtinuit

173 432 216 494 6
233 430 590 493 Hellanicus.
673 428 743 490 In
771 426 1074 507 disciplina
1099 442 1335 507 quoque
1361 424 1625 487 militaris
1652 422 1742 485 rei
1772 443 1807 485 a
1834 424 2162 488 maioribus
2188 425 2337 506 ple-
2366 460 2381 473 =

231 534 416 596 raque
451 514 666 579 tradita
693 531 928 577 summa
959 512 1204 597 utilitate
1225 511 1490 574 mutavit.
1535 510 1683 572 Nam
1710 528 1891 593 quum
1910 517 2059 573 ante
2084 512 2335 591 equites

229 602 298 667 in
343 618 513 663 suam
566 599 819 681 quisque
865 606 1102 679 gentem
1143 598 1625 671 describerentur
1670 615 1943 659 seorsum
1990 614 2025 657 a
2074 598 2327 672 ceteriS,

233 692 508 766 exempto
537 685 861 749 nationum
903 681 1240 746 discrimine
1274 684 1619 764 praefectis,
1660 702 1782 745 non
1820 682 2022 761 utique
2066 701 2329 744 suarum

172 789 216 852 7
236 772 518 853 gentium,
543 772 654 833 sed
679 770 945 845 delectiS,
971 768 1251 833 attribuit.
1295 770 1479 843 Tuba,
1508 786 1690 849 quum
1718 777 1905 831 castra
1926 787 2172 830 movere
2198 769 2332 830 vel-

115 888 142 908 *
231 860 334 932 let,
371 856 605 935 signum
643 858 836 931 dabat,
871 854 1038 917 cuius
1075 873 1261 917 sonus
1300 857 1647 935 plerumque
1680 853 2157 917 tumultuantium
2200 856 2331 915 fre-
2406 866 2408 875 ⁴

232 942 381 1007 mitu
425 942 724 1005 exoriente
768 942 926 1003 haud
964 940 1104 1003 satis
1139 941 1597 1003 exaudiebatur:
1648 960 1791 1019 ergo
1827 940 2125 1022 perticam,
2163 959 2329 1019 quae

232 1028 498 1107 undique
545 1027 806 1107 conspici
854 1034 1086 1107 posset,
1143 1046 1323 1106 supra
1372 1026 1733 1108 praetorium
1780 1026 2011 1101 statuit,
2068 1044 2139 1085 ex
2198 1044 2331 1105 qua
2407 1054 2408 1095 3

126 1140 131 1145 ·
234 1114 472 1193 signum
510 1112 806 1177 eminebat
851 1112 1071 1193 pariter
1115 1114 1391 1175 omnibus
1431 1113 1845 1193 conspicuum:
1892 1110 2330 1174 observabatur
2407 1162 2408 1167 ,

233 1200 390 1280 ignis
417 1208 618 1275 noctu,
641 1200 836 1264 fumus
857 1198 1134 1261 interdiu.
1278 1193 1286 1203 s
1432 1194 1438 1209 '

178 1297 222 1359 8
369 1284 611 1365 lamque
635 1286 789 1349 Susa
807 1285 1042 1347 adituro
1067 1284 1353 1357 Abulites
1380 1282 1638 1361 regionis
1664 1281 1789 1343 eius
1812 1284 2168 1361 praefectuS,
2192 1281 2327 1341 sive

239 1370 410 1434 Darei
446 1371 648 1447 iussu,
686 1378 752 1433 ut
777 1370 1178 1435 Alexandrum
1198 1370 1427 1449 praeda
1460 1368 1769 1454 retineret,
1815 1368 1937 1429 sive
1966 1386 2079 1448 sua
2106 1374 2329 1448 sponte

180 1468 220 1530 9
239 1456 424 1520 filium
452 1454 682 1523 obviam
701 1457 898 1531 misit,
923 1456 1270 1519 traditurum
1298 1474 1364 1515 se
1396 1456 1604 1516 urbem
1632 1454 1999 1533 promittens.
2052 1452 2325 1531 Benigne
2407 1472 2408 1507 i

239 1541 514 1613 iuvenem
551 1542 780 1623 excepit
813 1562 917 1604 rex
956 1552 1016 1605 et
1046 1544 1257 1604 eodem
1292 1542 1441 1602 duce
1472 1540 1547 1601 ad
1576 1540 1889 1620 Choaspen
1916 1558 2153 1601 amnem
2184 1557 2328 1621 per·
2407 1534 2408 1541 '

239 1628 430 1702 venit,
460 1628 797 1700 delicatam,
833 1637 899 1688 ut
933 1629 1086 1689 fama
1126 1636 1244 1702 est,
1278 1626 1593 1689 vehentem
1628 1644 1859 1705 aquam.
1912 1626 2033 1701 Hic⁸
2055 1625 2325 1686 Abulites

139 1718 222 1779 lo
245 1730 378 1773 cum
415 1712 589 1775 donis
617 1709 832 1791 regalis
863 1713 1198 1791 opulentiae
1237 1712 1510 1773 occurrit.
1574 1712 1899 1773 Dromades
1928 1711 2137 1773 cameli
2168 1710 2327 1772 inter

230 1798 400 1878 dona
437 1808 606 1859 erant
633 1797 958 1859 velocitatis
999 1797 1261 1869 eximiae,
1300 1816 1385 1858 κη
1423 1797 1715 1876 elephanti
1753 1814 1787 1858 a
1820 1798 2009 1859 Dareo
2049 1816 2120 1858 ex
2154 1796 2325 1857 India
2407 1866 2408 1873 ἵ

243 1880 430 1958 acciti,
459 1900 578 1943 non
601 1882 720 1946 iam
744 1890 955 1958 terror,
983 1891 1052 1945 ut
1077 1890 1433 1964 speraverat,
1456 1884 1868 1959 Macedonum,
1892 1884 1999 1944 sed
2026 1882 2325 1957 auxilium,
2407 1936 2408 1939 ,

142 1974 222 2035 11
245 1986 390 2049 opes
415 1968 550 2038 victi
575 1969 650 2032 ad
678 1968 958 2033 victorem
984 1971 1377 2032 transferente
1417 1972 1671 2032 fortuna.
1727 1971 1805 2032 Ut
1826 1989 1965 2031 vero
1996 1969 2207 2032 urbem
2232 1970 2326 2029 in-

179 2079 186 2086 ·
244 2053 444 2128 travit,
491 2052 896 2118 incredibilem
947 2073 1017 2117 ex
1065 2055 1367 2117 thesauris
1413 2075 1699 2118 summam
1752 2057 2039 2136 pecuniae
2087 2055 2323 2134 egessit,

245 2159 284 2202 L
309 2139 468 2202 milia
494 2141 777 2203 talentum
813 2141 1037 2220 argenti
1073 2161 1208 2203 non.
1230 2141 1442 2220 signati
1466 2144 1685 2216 forma,
1722 2143 1829 2203 sed
1866 2142 2001 2204 rudi
2035 2141 2323 2222 pondere.

145 2230 225 2292 12
247 2225 414 2288 Multi
449 2244 622 2307 reges
660 2235 857 2293 tantas
889 2247 1036 2307 opes
1065 2229 1245 2307 longa
1273 2237 1463 2290 aetate
1504 2229 1943 2291 cumulaverant
1974 2226 2173 2290 liberis
2211 2245 2324 2307 po-

247 2312 572 2391 sterisque,
600 2321 666 2374 ut
689 2314 1153 2388 arbitrabantur,
1181 2332 1329 2393 quas
1352 2332 1468 2375 una
1493 2315 1640 2376 hora
1666 2314 1729 2375 in
1755 2313 1985 2376 externi
2011 2313 2167 2394 regis
2192 2331 2324 2374 ma-

145 2400 228 2465 13
246 2415 362 2460 nus
402 2397 617 2462 intulit.
703 2399 988 2466 Consedit
1020 2399 1237 2460 deinde
1272 2399 1335 2460 in
1366 2399 1525 2478 regia
1564 2399 1705 2462 sella
1746 2401 1932 2464 multo
1983 2397 2323 2474 excelsiore,

251 2500 425 2562 quam
449 2501 562 2562 pro
589 2484 794 2550 habitu
829 2486 1114 2564 corporis.
1181 2485 1385 2566 Itaque
1424 2485 1607 2566 pedes
1636 2499 1816 2566 quum
1854 2487 2039 2548 imum
2076 2484 2323 2564 gradum

248 2584 372 2629 non
405 2569 831 2647 contingerent,
860 2588 1015 2632 unus
1043 2590 1114 2632 ex
1139 2571 1315 2650 regiis
1340 2571 1539 2652 pueris
1567 2589 1831 2634 mensam
1864 2570 2127 2634 subdidit
2152 2571 2323 2652 pedi-

148 2649 232 2718 14
249 2651 385 2717 bus.
403 2653 503 2748 ‚Et
530 2673 710 2734 quum
733 2656 1082 2736 spadonem,
1111 2657 1210 2736 qui
1234 2657 1404 2718 Darei
1430 2658 1637 2745 tuerat,
1664 2658 2149 2737 ingemiscentem
2176 2675 2319 2718 con-

253 2747 544 2816 spexisset
568 2757 690 2814 rex,
721 2759 987 2804 caussam
1035 2742 1361 2806 moestitiae
1400 2743 1721 2822 requisivit.
1790 2743 1893 2804 Ille
1932 2742 2168 2818 indicat,
2202 2741 2322 2802 Da-

250 2829 420 2882 reum
464 2825 618 2886 vesci
652 2826 716 2887 in
751 2845 818 2888 ea
857 2827 1109 2901 solitum,
1146 2848 1329 2910 seque
1370 2829 1748 2892 sacram'eius
1771 2847 2039 2892 mensam
2065 2831 2139 2890 ad
2168 2827 2321 2890 ludi-

153 2911 233 2972 15
247 2902 854 2985 briumrecidentem'
877 2912 1006 2973 sine
1044 2913 1299 2976 lacrimis
1334 2916 1680 2996 conspicere
1714 2905 1839 2978 non
1874 2932 2073 2997 posse.
2134 2910 2323 2976 Subiit

23 2975 33 3097 ξ
251 3011 395 3090 ergo
419 3012 632 3090 ‘regem
657 2998 1006 3063 verecundia
1039 2999 1297 3061 violandi
1330 3001 1651 3082 hospitales
1683 3004 1850 3066 deos'.
1914 3001 2153 3082 Iamque
2178 3001 2319 3062 sub·

28 3099 31 3134 ;
253 3079 391 3146 duci
415 3081 670 3161 iubebat,
699 3103 886 3164 quum
905 3085 1191 3146 Philetas:
1218 3084 1459 3146 Minime
1474 3103 1616 3150 vero
1642 3090 1791 3150 haec
1812 3089 2041 3162 feceris,
2066 3105 2187 3160 rex,
2213 3085 2321 3148 sed
2407 3085 2408 3168 f

27 3137 34 3234 Β
254 3182 430 3232 omen
461 3186 696 3247 quoque
721 3173 940 3250 accipe,
964 3187 1251 3245 mensam,
1274 3189 1350 3230 ex
1376 3191 1488 3251 qua
1512 3175 1710 3236 libavit
1740 3173 1930 3238 hostis
1959 3173 2178 3256 epulas,
2203 3169 2319 3237 tuis
2407 3181 2408 3254 ζ

30 3237 45 3354 ζ,
253 3251 509 3331 pedibus
536 3272 671 3316 esse
699 3257 1040 3320 subiectam.
1260 3282 1267 3308 ι
1302 3283 1307 3291 ·
1420 3276 1426 3284 ²
2407 3257 2408 3310 ἶ

33 3365 38 3411 1
159 3335 240 3409 13}
385 3339 510 3402 Rex
535 3339 794 3405 Persidis
829 3343 1006 3405 finem
1037 3338 1307 3402 aditurus
1328 3341 1479 3402 Susa
1504 3343 1713 3404 urbem
1746 3343 2031 3405 Archelao
2068 3349 2127 3403 et
2148 3359 2319 3424 prae·
2407 3371 2408 3418 j

35 3451 42 3462 ·
259 3421 475 3486 sidium
499 3446 568 3488 ιιι
603 3427 826 3490 milium
862 3421 1146 3499 tradidit;-
1177 3427 1508 3506 Xenophilo
1544 3429 1691 3490 arcis
1728 3447 1865 3492 cura
1900 3429 2172 3492 mandata
2210 3437 2317 3506 est,

257 3505 652 3608 Macedonum
687 3519 876 3580 aetate
915 3513 1562 3591 gravibuspraesidere
1602 3514 1754 3578 arcis
1794 3514 2091 3582 custodiae
2124 3513 2319 3577 iussis·
