2417 3900
536 108 675 171 ΠΒ.
716 110 839 171 vll.
884 111 1007 192 (V.)
1054 108 1211 173 CAP.
1254 112 1354 175 xl.
1401 110 1480 173 17
1491 109 1690 173 -29.
2029 110 2152 175 147

108 238 267 299 quam
286 224 531 303 perditis
558 229 741 289 rebus
767 248 897 289 cum
914 229 1266 309 propinquis
1293 230 1784 310 nobilissimisque
1809 232 1993 308 gentis
2017 250 2154 293 suae

105 309 395 371 descendit
426 311 488 373 in
528 324 745 377 eastra:
798 333 949 392 quos
988 332 1193 375 omnes
1227 317 1562 379 verberibus
1592 319 1830 377 affectos
1867 316 1976 376 sub
2015 319 2154 397 ipsis

96 394 383 457 radicibus
418 407 623 479 petrae
660 399 931 460 crucibus
970 398 1139 461 iussit
1174 402 1348 479 affigi.
1411 402 1714 463 Multitudo
1755 400 2156 463 dediticiorum
2171 400 2252 462 29

94 479 293 541 incolis
322 500 610 544 novarum
648 484 881 545 urbium
912 502 1041 545 cum
1079 488 1326 565 pecunia
1355 496 1519 568 capta
1545 488 1700 549 dono
1737 488 1868 547 data
1897 494 2011 546 est:
2053 490 2158 547 Ar-

90 567 327 710 ltiabazus
358 567 423 629 in
457 577 661 649 petrae
678 570 1069 649 regionisque,
1102 590 1252 651 quae
1277 573 1540 653 apposita
1565 584 1720 633 esset
1741 573 1810 647 ei,
1851 573 2032 633 tutela
2069 590 2160 631 re-

132 662 277 713 etue.

760 854 1077 919 Lmen
1137 858 1286 921 vm.
1333 858 1486 938 (v1.)
1545 924 1549 929 ,

660 992 700 1035 Δ
755 992 795 1035 R
850 994 889 1035 G
943 995 979 1037 U
1039 997 1081 1041 u
1136 999 1173 1039 E
1230 1000 1269 1040 N
1328 998 1364 1038 Τ
1423 996 1460 1039 U
1519 997 1584 1039 11.

197 1096 498 1153 Massagetae,
526 1100 693 1147 Dahae
724 1109 773 1147 et
796 1104 1023 1160 Sogdiani
1055 1108 1245 1155 subacti.
1300 1110 1498 1163 Scythae
1535 1110 1606 1151 sni
1639 1109 1760 1163 regis
1787 1106 1928 1149 tiliam
1959 1105 2165 1147 Alexan-¹

94 1168 177 1211 dro
210 1173 448 1226 coniugem
481 1174 698 1221 offerunt.
756 1178 865 1222 Rex
896 1178 1031 1221 leone
1066 1180 1312 1225 interfecto
1345 1188 1396 1228 et
1429 1188 1642 1236 quattuor
1667 1177 1853 1221 milibus
1885 1178 2084 1219 ferarum
2115 1179 2164 1219 in

88 1246 329 1289 venatione
352 1246 544 1291 deiectis
566 1246 743 1291 Clitum
763 1250 809 1291 in
826 1249 1250 1297 convivio·liberius
1271 1252 1534 1309 loquentem
1564 1248 1694 1295 hasti
1723 1248 1950 1301 transigit.
1979 1248 2096 1303 cip.
2119 1254 2163 1294 1.

90 1313 355 1360 Alexandri
386 1320 688 1373 poenitentia,
712 1332 845 1374 quam
874 1329 1124 1379 sequuntur
1147 1324 1346 1369 bellicae
1374 1325 1701 1381 expeditiones
1726 1322 1948 1365 adversus
1963 1321 2166 1365 Bactria.

92 1401 178 1430 nos
208 1390 475 1444 transfugas
502 1397 550 1435 et
578 1392 902 1445 Sysimithren.
958 1394 1171 1451 Philippi
1199 1400 1324 1446 item,
1353 1397 1656 1441 strenuissimi
1683 1396 1876 1445 invenis,
1905 1400 1952 1436 et
1973 1394 2164 1449 Erigyii‚

93 1458 343 1506 clarissimi
374 1462 528 1514 ducis,
562 1466 732 1507 obitus·
754 1468 808 1529 ἱ2.
865 1465 1149 1522 Spitamenis
1177 1484 1393 1521 uxorem,
1437 1468 1670 1511 interfecti
1697 1468 1848 1510 mariti
1882 1472 2022 1521 caput
2053 1466 2166 1509 affe·-

90 1538 290 1586 reutem,
318 1533 597 1580 Alexander
626 1539 792 1583 castris
812 1540 1039 1583 excedere
1070 1540 1218 1593 iubet3
1255 1543 1512 1597 provincias
1541 1540 1754 1596 quasdam
1785 1554 1810 1581 a
1836 1538 2168 1594 praefectorum

90 1620 281 1650 suornm
306 1609 493 1652 iniuriis
515 1608 737 1655 vindicat.
770 1615 811 1656 8.
864 1610 1074 1665 Frigoris
1098 1616 1241 1657 nimia
1265 1616 1307 1657 vi
1335 1628 1484 1671 paene
1513 1614 1788 1669 opprimitur
1815 1612 2050 1654 exercitus
2077 1610 2167 1652 Ga-

88 1681 259 1725 buzam
290 1684 515 1727 aditurus.
570 1680 837 1727 Alexandri
875 1688 1133 1729 constantie
1173 1695 1223 1731 et
1246 1700 1359 1741 erga
1389 1688 1645 1742 gregarium
1683 1682 1875 1729 militem
1911 1684 2168 1727 hamanitas

88 1752 393 1809 eiusdemque
432 1768 531 1797 eum
575 1759 775 1801 Roxane
814 1760 1167 1804 matrimonium.
1218 1766 1261 1805 4.
1321 1762 1613 1815 Cogitatione
1655 1760 1706 1803 in
1746 1756 1914 1801 bellum
1958 1750 2166 1803 Indicam

92 1840 320 1871 conversa
357 1826 641 1873 adulatorum
668 1829 835 1875 fraude
862 1830 1005 1876 nimia
1034 1832 1250 1889 superbia
1281 1833 1430 1878 elatus
1458 1832 1728 1877 Alexander
1755 1829 1880 1875 Iovis
1917 1830 2040 1875 filius
2065 1830 2167 1877 vult

47 1904 50 1911 '
91 1900 307 1952 salutari,
342 1904 458 1958 quod
492 1902 797 1950 Callisthenes
826 1906 954 1960 gravi
984 1906 1187 1949 oratione
1215 1906 1456 1961 improbat.
1491 1912 1532 1952 5.
1587 1908 1668 1952 Ex
1696 1907 1946 1960 ignominia
1973 1906 2166 1950 Hermo·

86 1987 163 2018 iao
198 1975 349 2019 nobili
384 1990 525 2033 puero
564 1975 698 2022 illata
729 1981 933 2023 nascitur
965 1981 1015 2022 in
1053 1987 1192 2038 eaput
1224 1978 1484 2024 Alexandri
1525 1981 1796 2025 coniuratio.
1851 1981 1949 2031 Qua
1986 1982 2167 2023 detecta

91 2049 213 2092 inter
257 2055 467 2094 auctores
506 2049 696 2094 sceleris
722 2053 943 2096 innocens
984 2051 1296 2098 Callisthenes
1340 2054 1597 2096 coniicitur.
1645 2057 1688 2100 6.
1746 2050 2022 2094 Hermolaus
2057 2049 2166 2094 cnl-

86 2121 339 2166 listhenens
366 2124 535 2166 iustum
563 2137 666 2166 esse
696 2137 969 2167 asseverans
1002 2123 1231 2168 crudelem
1259 2123 1520 2168 Alexandri
1547 2125 1809 2180 superbiam
1841 2125 2090 2177 vituperat.
2123 2126 2167 2166 7.

88 2195 356 2241 Alexandri
384 2207 677 2252 responsum:
709 2198 1047 2240 coniuratorum
1076 2198 1184 2240 item
1214 2202 1348 2252 atque
1382 2198 1640 2238 innocentis
1661 2194 1961 2238 Callisthenis
1989 2193 2168 2249 suppli-

88 2268 225 2312 cium.
258 2271 305 2318 8.
360 2268 482 2318 ludi,
520 2267 709 2321 Gangis,
744 2269 1017 2321 Dyardenis,
1054 2270 1243 2325 indiae,
1288 2270 1387 2312 eius
1414 2265 1677 2322 incolarum,
1709 2266 1824 2310 luxu
1861 2265 2170 2308 diffluentium

91 2354 269 2396 regum,
302 2354 360 2384 ac
388 2342 647 2396 sapientum
681 2339 914 2384 luculenta
938 2343 1203 2398 descriptio.
1239 2345 1280 2386 9.
1336 2339 1505 2382 Varios
1532 2339 1694 2381 Indiae
1729 2337 1926 2394 populos
1954 2339 2069 2380 mira
2100 2338 2170 2380 fe-

92 2413 289 2464 licitate,
318 2428 415 2458 non
442 2419 593 2457 tamen
615 2414 714 2456 sine
740 2415 976 2468 sanguine,
1004 2414 1275 2458 Alexander
1301 2411 1485 2464 subigit.
1517 2415 1583 2456 10.
1640 2411 1819 2455 on-nus
1847 2418 1982 2466 petra
2009 2417 2056 2454 et
2083 2423 2171 2454 arx

94 2487 333 2531 inaccessa
359 2488 414 2528 ab
443 2485 714 2530 Alexandro
733 2493 1024 2543 oppugnatur
1043 2493 1091 2530 et
1116 2487 1171 2530 ab
1204 2486 1405 2530 obsessis
1426 2481 1589 2528 relicta
1618 2485 1810 2539 capitur.
1841 2488 1907 2534 ss.
1964 2483 2167 2542 Omphis,

95 2571 182 2603 rex
214 2560 596 2616 potentissimus,
647 2571 696 2601 se
734 2571 1011 2616 regnumque
1057 2573 1182 2603 suum
1222 2557 1492 2601 Alexandro
1537 2557 1780 2622 permittit.
1837 2558 1878 2600 A
1909 2569 1993 2612 quo
2019 2559 2069 2602 in
2098 2559 2166 2601 in-

93 2639 271 2686 tegrum
306 2634 591 2676 restituiture
626 2633 746 2675 unde
781 2638 939 2676 mutua
974 2634 1091 2677 dona
1120 2635 1261 2687 regia.
1297 2635 1363 2676 12.
1421 2631 1592 2673 Porum
1625 2645 1777 2685 regem
1809 2630 1998 2687 Omphis
2029 2644 2166 2674 suasu

91 2705 375 2752 Alexander
406 2707 595 2760 ancipiti
632 2706 811 2762 quidem
844 2711 893 2750 et
922 2708 981 2750 ab
1020 2709 1156 2751 initio
1194 2705 1583 2762 periculosissimo
1618 2704 1880 2761 aggreditur
1912 2704 2050 2750 bello.
2097 2709 2166 2752 13.

90 2779 309 2824 Indorum
344 2785 394 2822 et
422 2781 719 2822 Macedonum
746 2780 947 2835 insignis
973 2786 1021 2825 et
1049 2783 1239 2824 eruenta
1266 2791 1441 2836 pugna:
1473 2779 1584 2822 Pori
1618 2778 1790 2834 captivi
1819 2772 2166 2834 magn’animitas

86 2859 135 2896 et
162 2853 431 2898 Alexandri
464 2852 717 2896 clementia.
757 2857 823 2896 14.

219 2949 389 3027 Gap.
410 2945 457 3007 Ι.
500 2947 827 3008 Alexander
846 2945 1065 3008 maiore
1090 2946 1242 3004 fama
1265 2961 1438 3024 quam
1469 2945 1647 3024 gloria
1673 2946 1736 3005 in
1764 2943 2040 3006 ditionem
2067 2951 2212 3012 re-l

90 3033 259 3094 dacta
309 3035 501 3113 petra,
543 3051 719 3112 quum
760 3043 1001 3113 propter
1036 3049 1244 3109 vagum
1282 3031 1510 3091 hostem
1552 3031 1915 3110 spargendae
1957 3046 2164 3093 manus

92 3127 329 3193 essent,
374 3119 433 3180 in
480 3127 600 3180 tres
640 3127 835 3198 partes
874 3116 1070 3180 divisit
1110 3116 1444 3178 exercitum.
1498 3116 2000 3196 Hephaestionem
2045 3111 2161 3180 uni,

90 3205 345 3266 Coenon
388 3205 549 3266 alteri
591 3206 769 3266 duces
812 3205 1077 3276 dederat,
1124 3202 1252 3280 ipse
1290 3202 1496 3264 ceteris
1532 3213 1817 3281 praeerat.
1889 3199 2008 3259 Sed
2042 3199 2221 3260 non‘l

94 3290 313 3350 eadem
336 3309 501 3352 mens
525 3291 797 3352 omnibus
819 3290 1083 3351 barbaris
1108 3287 1233 3349 fuit.
1275 3287 1466 3349 Armis
1491 3288 1725 3366 quidam
1751 3282 2004 3352 subacti3
2031 3279 2164 3358 plu-

90 3393 197 3435 res
225 3384 369 3435 ante
399 3385 690 3438 certamen
718 3377 999 3454 imperata
1024 3377 1306 3446 fecerunt,
1337 3374 1547 3453 quibus
1575 3389 1798 3440 eorum,
1843 3367 1942 3443 qui
1969 3363 2031 3424 in
2059 3364 2165 3425 de-

92 3460 365 3522 fectione
382 3470 906 3540 perseveraverant,
930 3460 1108 3521 urbes
1134 3475 1422 3536 agrosque
1445 3457 1614 3518 iussit
1633 3450 1884 3514 attribui.
1926 3452 2000 3508 At
2023 3465 2165 3506 exu—
2181 3452 2224 3512 3

96 3545 185 3608 les
208 3546 503 3609 Bactriani
542 3565 672 3610 cum
700 3566 841 3608 nccc
867 3546 1326 3622 Massagetarum
1363 3540 1652 3622 equitibus
1675 3529 1976 3673 prqufnos
2007 3529 2166 3591 vicos
2199 3575 2204 3580 .
