2417 3900
262 120 343 183 12
704 117 804 180 DE
846 115 1116 178 GESTIS
1161 111 1593 176 ALEXANDRI
1636 110 1877 175 MAGNI

227 239 427 318 signa
445 244 603 312 stare
630 235 950 316 potuisset:
973 235 1036 296 id
1052 235 1266 316 ipsum,
1288 233 1447 315 'quod
1468 242 1605 314 post
1628 233 1785 294 diem
1816 232 2048 294 tertium
2062 231 2323 294 medica-
2400 263 2417 298 ι

256 334 521 398 mentum
543 331 888 402 sumpturus
909 331 1072 384 esset
1095 322 1204 397 (ita
1236 322 1391 382 enim
1407 320 1673 382 medicus
1694 321 2120 400 praedixerat),
2138 337 2325 398 aegre

198 408 239 468 4
257 412 510 472 terena..
563 409 725 471 Inter
770 409 920 470 haec
959 427 996 470 a
1038 408 1461 480 Parmenione,
1512 408 1801 468 fidissimo
1844 417 2323 488 purpuratorum,

255 496 482 559 litteras
517 495 757 576 accipit,
803 494 1018 574 quibus
1049 495 1104 556 ei
1135 493 1560 567 denunciabat,
1594 511 1672 554 ne
1706 494 1959 555 salutem
1998 511 2163 553 suam
2192 492 2329 552 Phi-

215 582 420 663 ‘lippo
463 581 874 644 committeret.
937 581 1094 642 Mille
1141 581 1377 644 talentis
1424 599 1471 640 a·
1498 575 1691 640 Dareo
1736 590 1795 641 et
1838 599 1947 660 spe
1993 578 2325 658 nuptiarum
2392 568 2417 589 *¹

199 671 238 730 5
259 667 486 730 sororis
519 665 647 728 eius
689 685 824 729 esse
859 676 1223 747 corruptum.
1291 667 1600 745 lugentem
1644 667 1841 726 animo
1879 664 2329 727 sollicitudinem

255 753 485 830 litterae
509 753 906 828 incusserant,
943 761 1003 815 et
1028 751 1308 833 quicquid
1336 753 1397 814 in
1424 764 1731 832 utramque
1757 763 1987 831 partem
2012 763 2112 812 aut
2138 761 2328 812 metus

196 838 237 898 6
259 847 364 902 aut
381 857 524 919 spes
545 839 900 914 subiecerat,
925 850 1156 901 scoeeta
1179 838 1589 900 aestimatione
1606 841 1919 919 pensabat.
1960 839 2172 899 Bibere
2192 855 2331 916 per-
2414 882 2417 899 .

257 921 570 988 savorem?
613 933 710 1004 ut,
747 925 800 987 si
833 943 1128 988 venenum
1164 926 1367 987 datum
1401 927 1601 999 suerit,
1642 943 1719 985 ne
1749 925 2042 986 immerito
2076 923 2333 1004 quidem,

257 1010 539 1094 quicquid
567 1010 867 1087 acciderit,
889 1012 1174 1075 'evenisse
1195 1010 1509 1074 videatur?
1554 1012 1841 1086 Damnem
1871 1011 2083 1086 medici
2110 1007 2335 1071 fidem?

253 1099 320 1160 in
352 1099 734 1177 tabernaculo
774 1115 876 1160 me
917 1099 1174 1180 opprimi
1213 1095 1450 1179 patiar?
1506 1099 1581 1160 At
1620 1099 1801 1159 satius
1844 1108 1960 1171 est,
2009 1098 2199 1157 alieno
2230 1113 2335 1158 me

197 1181 410 1248 'Ymori
445 1185 696 1260 scelere,
733 1201 909 1264 quam
939 1194 1102 1247 metu
1131 1203 1288 1247 meo.
1351 1183 1463 1246 Diu
1500 1184 1696 1246 animo
1728 1185 1789 1246 in
1826 1185 2058 1245 diversa
2096 1191 2335 1245 versato

255 1269 430 1345 nulli,
464 1269 607 1352 quid
633 1270 920 1350 scriptum
947 1281 1132 1345 esset,
1165 1270 1464 1345 enunciat,
1498 1271 1929 1351 epistolamque
1956 1269 2147 1350 sigilio
2172 1269 2338 1330 anuli

255 1356 350 1418 sui
370 1355 724 1436 impressam
747 1359 1008 1438 pulvino,
1043 1357 1139 1420 cui
1161 1357 1565 1432 incumbebat,
1608 1357 1881 1418 subiecit.

196 1437 238 1500 8
383 1441 546 1505 Inter
570 1443 680 1506 has
707 1444 1096 1544 cogitationes
1119 1444 1302 1508 biduo
1330 1445 1643 1523 absumpto
1671 1443 1856 1504 illuxit
1893 1460 1927 1502 a
1961 1439 2189 1502 medico
2228 1439 2341 1500 de-

257 1527 510 1592 stinatus
535 1527 682 1605 dies,
701 1533 770 1593 ‘et
793 1531 890 1592 1110
909 1549 1044 1593 cum
1067 1530 1305 1611 poculo,
1329 1529 1391 1591 in
1416 1549 1533 1608 quo
1554 1530 2045 1590 medicamentum
2072 1527 2343 1598 diluerat,

198 1609 239 1671 9
257 1612 514 1676 intravit.
578 1615 710 1688 Quo
735 1615 864 1678 viso
888 1617 1225 1677 Alexander
1246 1616 1437 1676 levato
1462 1632 1715 1694 corpore
1739 1615 1801 1675 in
1830 1613 2088 1676 cubitum
2114 1611 2347 1691 episto-
2412 1598 2417 1691 4

258 1697 378 1760 lam
399 1716 436 1759 a
449 1699 842 1762 Parmenione
861 1701 1105 1780 missam
1127 1698 1366 1762 sinistra
1388 1717 1569 1761 manu
1592 1711 1805 1762 tenens
1825 1700 2035 1778 accipit
2058 1699 2347 1778 poculum

260 1792 322 1846 et
341 1783 542 1848 haurit
562 1784 899 1848 interritus:
943 1794 1069 1848 tum
1095 1785 1409 1866 epistolam
1432 1786 1771 1867 Philippum
1795 1788 1993 1866 legere
2014 1785 2196 1858 iubet,
2228 1802 2351 1846 nec

261 1885 296 1930 a
321 1871 488 1942 vultu
508 1870 762 1951 legentis
787 1870 971 1934 movit
995 1872 1229 1946 oculos,
1264 1879 1449 1947 ratus,
1486 1873 1711 1954 aliquas
1738 1870 2137 1935 conscientiae
2164 1879 2347 1932 notas

161 1959 242 2023 10
257 1954 324 2019 in
367 1956 504 2038 ipso
553 1975 660 2019 ore
704 1975 888 2039 posse
933 1958 1400 2038 deprehendere.
1462 1958 1567 2021 Ille
1606 1960 1855 2039 epistola
1904 1960 2161 2039 perlecta
2204 1958 2346 2037 plus

258 2041 682 2121 indignationis
728 2062 905 2125 quam
941 2044 1176 2125 pavoris
1222 2045 1510 2107 ostendit:
1553 2042 1952 2125 proiectisque
1988 2043 2247 2107 amiculo
2282 2053 2355 2106 et

220 2150 230 2159 ⁴
261 2126 472 2191 litteris
497 2138 635 2193 ante
659 2130 894 2206 lectum,
929 2130 1086 2208 Rex,
1119 2130 1339 2211 inquit,
1376 2150 1612 2211 semper
1636 2132 1875 2211 quidem
1905 2130 2145 2211 spiritus
2169 2148 2357 2191 meus
2405 2091 2417 2166 1

186 2250 190 2257 ·
263 2221 418 2295 exte
437 2216 748 2296 pependit,
778 2216 888 2279 sed
911 2236 1074 2279 nunc
1094 2236 1264 2292 vere,
1297 2216 1567 2292 arbitror,
1607 2236 1778 2280 sacro
1806 2226 1867 2279 et
1886 2214 2211 2278 venerabili
2238 2234 2355 2277 ore
2416 2213 2417 2250 ³

164 2298 241 2363 11
263 2300 534 2365 trahitur.
579 2302 814 2366 Crimen
842 2302 1168 2385 parricidii,
1211 2304 1371 2383 quod
1392 2304 1539 2371 mihi
1564 2303 1861 2365 obiectum
1892 2311 2011 2377 est,
2044 2311 2147 2364 tua
2180 2304 2357 2365 salus

267 2386 468 2450 diluet.
535 2388 832 2452 Servatus.
855 2408 890 2451 a
938 2408 1036 2453 me
1076 2389 1255 2451 vitam
1300 2390 1447 2451 mibi
1495 2390 1755 2451 dederis:
1816 2408 1927 2451 oro
1976 2406 2355 2468 quaesoque,

266 2471 488 2534 omisso
523 2481 687 2535 metu
726 2483 928 2553 patere
965 2476 1463 2537 medicamentum
1497 2476 1728 2555 concipi
1760 2476 1929 2537 venis
1943 2495 1967 2537 ε·
2005 2476 2131 2536 laxa
2168 2477 2359 2554 paul-

263 2556 450 2636 lisper
493 2558 787 2634 animum,
853 2578 1029 2640 quem
1074 2560 1489 2640 intempestiva
1536 2562 1930 2624 sollicitudine
1976 2559 2147 2623 amici
2198 2578 2359 2622 sane
2412 2542 2417 2571 ¹

164 2646 245 2711 12
264 2642 502 2718 fideles,
541 2645 649 2706 sed
686 2643 936 2707 moleste
969 2645 1162 2708 seduli
1197 2646 1457 2710 turbant.
1500 2647 1635 2710 Non
1670 2666 1945 2711 securum
1974 2647 2159 2709 modo
2194 2648 2359 2707 haec

265 2744 408 2805 vox,
447 2731 556 2792 sed
587 2729 761 2793 etiam
791 2730 1010 2793 laetum
1045 2750 1247 2812 regem
1275 2750 1347 2795 ac
1368 2734 1613 2813 plenum
1638 2734 1833 2796 bonae
1858 2734 1989 2815 spei
2018 2732 2177 2795 fecit.
2231 2733 2361 2795 [ta-
2412 2786 2415 2812 ,

267 2832 402 2893 que,
431 2814 496 2876 Si
519 2815 617 2891 dii,
635 2815 843 2896 inquit,
863 2817 1151 2898 Philippo,
1176 2818 1283 2881 tibi
1303 2818 1727 2899 permisissent,
1748 2839 1865 2902 quo
1882 2821 2063 2882 modo
2086 2820 2361 2883 maxime

267 2900 448 2962 velles
469 2900 728 2964 animum
757 2902 1009 2983 experiri
1039 2924 1257 2979 meum,
1294 2905 1409 2967 alio
1436 2908 1700 2985 profecto
1723 2907 2042 2981 voluisseS,
2072 2906 2185 2967 sed
2216 2924 2361 2968 cer-
2411 2972 2412 2991 χ

167 2986 246 3052 13
265 2985 447 3061 tiore,
479 3005 652 3067 quam
676 2998 956 3069 expertus
985 3005 1076 3066 ea,
1111 3010 1188 3053 ne
1216 2999 1490 3071 optasses
1518 2992 1774 3072 quidem.
1820 2993 1945 3055 Hac
1970 2991 2227 3072 epistoia
2252 3010 2361 3053 ac-
2411 2994 2412 2999 ’

266 3080 440 3151 cepta
461 3079 681 3149 tamen,
711 3077 872 3155 quod
896 3075 1172 3151 dilueraS,
1199 3077 1354 3139 bibi:
1400 3087 1462 3141 et
1485 3098 1645 3140 nunc
1672 3079 1871 3161 credo,
1906 3086 1969 3139 te
1992 3096 2119 3139 non
2140 3078 2361 3139 minus

230 3194 238 3201 -
263 3176 376 3237 pro
401 3165 505 3223 tua
529 3159 648 3221 fide
667 3180 843 3243 quam
866 3180 1128 3241 promea
1147 3164 1335 3226 salute
1352 3182 1487 3227 esse
1504 3164 1835 3227 sollicitum.
1878 3162 2043 3227 llaec
2056 3164 2361 3245 loquutus

266 3243 536 3307 dextram
561 3245 833 3328 Philippo
865 3250 1057 3311 offert.
1962 3302 1969 3305 -

165 3336 247 3400 14
393 3330 670 3395 Ceterum
691 3341 855 3397 tanta
878 3334 968 3396 vis
995 3335 1399 3397 medicaminis
1427 3335 1563 3406 fuit,
1594 3341 1690 3409 ut,
1724 3352 1875 3415 quae
1902 3342 2157 3413 sequuta
2184 3342 2363 3406 sunt,
2407 3408 2408 3413 ἵ

267 3417 736 3483 eliminationem
782 3420 1194 3486 Parmenionis
1242 3422 1593 3484 adiuverint.
1680 3419 2043 3490 Interclusus
2094 3419 2365 3499 spiritus
2407 3470 2408 3480 ,

265 3512 430 3568 arcte
456 3508 710 3570 meabat.
756 3507 882 3570 Nec
903 3506 1213 3589 Philippus
1240 3506 1553 3587 quicquam
1577 3507 1947 3588 inexpertum
1972 3504 2201 3568 omisit.
2250 3506 2365 3567 1110

270 3590 528 3657 'amenta
567 3593 805 3676 corpori
839 3594 1132 3671 admovit3
1175 3595 1273 3660 ine
1302 3603 1641 3676 torpentem
1672 3612 1837 3657 nunc
1872 3594 1989 3656 cibi
2024 3610 2199 3655 nunc
2230 3590 2365 3654 vini
2404 3640 2406 3702 A
