2417 3900
272 90 394 153 17⁰
732 84 840 147 m:
880 80 1152 145 GEsfns
1189 80 1619 144 ALEXANDRI
1663 80 1903 143 MAGNI

262 226 388 273 non
413 208 474 268 in
508 205 817 267 obsidione
845 202 1014 265 ‘urbis
1032 260 1039 271 ,
1054 200 1368 280 opulentae
1393 198 1652 277 (Beiram
1676 199 1905 261 incolae
1929 204 2184 280 vocant)
2213 203 2354 263 reli-

264 294 421 375 quit:
466 292 594 372 ipse
632 292 709 353 ad
746 288 1017 368 Mazagas
1049 286 1260 364 venit.s
1294 286 1496 365 Nuper
1526 286 1840 360 Assacano,
1887 284 2058 345 cuius
2098 304 2354 364 regnum

263 382 469 451 fuerat,
514 378 824 441 demortuo
849 372 1075 454 regioni
1100 371 1348 451 urbique
1377 378 1650 451 praeerat
1677 378 1861 431 mater
1891 370 2018 430 eius
2049 370 2355 451 Cleophis.

161 470 245 535 23
264 465 525 544 Triginta
564 470 699 524 octo
734 460 891 523 milia
926 457 1191 540 peditum
1224 458 1538 518 tuebantur
1569 456 1780 517 urbem
1815 475 1936 516 non
1977 456 2103 517 situ
2141 460 2353 533 solum,
2402 464 2404 497 ⁵

264 552 372 613 sed
410 548 585 609 etiam
622 549 807 627 'opere
832 545 1133 607 munitam.
1191 540 1340 603 Nam
1375 561 1488 623 qua
1513 552 1744 622 spectat
1771 542 2060 602 orientem
2105 543 2356 621 cingitur

262 654 439 697 amne
466 633 731 708 torrenti,
772 632 873 711 qui
896 628 1226 712 praeruptis
1266 628 1559 707 utrimque
1594 626 1740 707 ripis
1773 627 1996 687 aditum
2035 629 2120 687 ad
2151 632 2354 691 urbem

160 724 244 788 24
262 720 527 801 impedit.
586 719 679 780 Ad
714 716 1081 780 occidentem
1120 722 1177 775 et
1208 732 1244 773 a
1269 714 1518 775 meridie
1555 714 1712 775 velut
1749 714 1822 775 de
1849 713 2154 774 industria
2182 734 2353 795 rupes

262 806 555 885 prae-altas
578 802 852 865 admolita
882 812 1091 863 natura
1115 808 1224 874 est,
1271 800 1424 862 infra
1463 804 1610 878 quas
1637 817 1918 874 cavernae
1945 808 2006 861 et
2035 801 2351 879 voragines

262 893 443 969 longa
470 897 755 951 vetustate
780 889 842 949 in
866 888 1049 948 altum
1074 894 1308 946 cavatae
1329 885 1540 957 iacent,
1585 904 1817 964 quaque
1841 884 2153 960 desinunt,
2206 890 2352 948 fossa

160 980 242 1041 25
260 975 516 1055 ingentis
541 974 737 1053 operis
761 972 985 1034 obiecta
1012 980 1119 1032 est.
1164 970 1426 1048 Triginta
1451 970 1714 1050 quinque
1735 970 1994 1032 stadium
2017 990 2244 1033 murus
2269 993 2352 1034 ur-

262 1062 401 1123 bem
428 1059 861 1139 complectitur,
908 1056 1073 1119 euius
1098 1056 1374 1117 inferiora
1401 1075 1570 1131 saxo,
1613 1056 1922 1136 superiora
1947 1058 2150 1117 crudo
2181 1060 2353 1119 latere

262 1154 668 1217 suntstructa.
732 1144 927 1205 Lateri
961 1142 1256 1203 vinculum
1284 1142 1510 1221 lapides
1535 1149 1690 1215 sunt,
1739 1161 1890 1220 quos
1911 1142 2354 1221 interposuere.

264 1242 331 1295 ut
351 1231 575 1293 duriori
612 1230 887 1291 materiae
926 1228 1143 1307 fragilis
1166 1226 1549 1303 incumberet,
1599 1227 1888 1305 simulque
1912 1236 2074 1287 terra
2107 1230 2354 1291 humore

159 1318 244 1383 26
262 1318 466 1380 diluta.
509 1317 598 1377 Ne
619 1325 817 1381 tamen
840 1314 1109 1375 universa
1128 1312 1479 1388 consideret,
1506 1313 1814 1392 impositae
1833 1321 2001 1374 erant
2017 1316 2242 1376 trabes
2271 1336 2354 1376 va-

263 1404 435 1477 lidae,
472 1401 685 1481 quibus
711 1402 923 1462 iniecta
944 1397 1201 1461 tabulata
1227 1417 1426 1460 muros
1459 1409 1518 1460 et
1539 1399 1814 1477 tegebant
1839 1408 1898 1459 et
1919 1400 2176 1478 pervios
2207 1404 2352 1463 fece-

161 1495 245 1557 27
262 1496 416 1551 rant.
458 1488 617 1549 Haec
658 1486 1021 1548 munimenta
1046 1486 1540 1565 contemplantem
1575 1484 1966 1545 Alexandrum
2001 1488 2350 1566 consiliique

156 1612 159 1617 -
261 1575 571 1646 incertum,
598 1574 734 1651 quia
760 1590 873 1633 nec
894 1589 1171 1632 cavernas
1195 1570 1308 1631 nisi
1326 1588 1540 1649 aggere
1560 1578 1792 1650 poterat
1817 1570 2064 1649 implere
2095 1590 2224 1633 nec
2245 1582 2350 1635 tor-

257 1669 461 1721 menta
484 1657 851 1719 aliter-muris
878 1658 1211 1730 admovere,
1257 1656 1492 1735 quidam
1518 1676 1550 1717 e
1583 1674 1754 1718 muro
1785 1657 1992 1733 sagitta
2025 1660 2349 1735 percussit

160 1748 245 1810 28
262 1745 417 1805 Tum
443 1745 593 1803 forte
618 1743 681 1803 in
704 1757 903 1803 suram
924 1740 1128 1801 incidit
1153 1741 1352 1814 telum,
1381 1742 1544 1804 cuius
1565 1742 1792 1821 spiculo
1819 1742 2020 1801 evulso
2043 1744 2348 1805 admoveri

264 1846 481 1909 equum
505 1827 693 1899 iussit,
723 1845 843 1906 quo
870 1834 1071 1887 vectus
1101 1844 1175 1885 ne
1202 1825 1455 1904 obligato
1487 1828 1722 1907 quidem
1757 1828 1997 1896 vulnere
2021 1828 2196 1890 haud
2229 1850 2346 1907 seg·
2398 1902 2400 1905 y

161 1916 245 1980 29
264 1914 399 1976 nius
424 1912 713 1974 destinata
743 1910 1186 1989 exsequebatur.
1230 1910 1501 1974 Ceterum
1531 1931 1709 1991 quum
1739 1931 1876 1975 crus
1901 1914 2182 1976 saucium
2211 1935 2346 1996 pen-

266 2000 447 2071 deret,
497 2008 555 2059 et
573 2016 796 2061 ,cruore
824 1997 1039 2058 siccabo
1074 1997 1394 2074 frigescens
1431 1998 1640 2062 vulnus
1671 2007 2014 2078 aggravaret
2055 2001 2346 2070 dolorem,

264 2084 485 2146 dixisse
524 2086 729 2155 fertur,
776 2101 841 2144 se
878 2083 1110 2162 quidem
1152 2081 1306 2144 lovis
1346 2083 1526 2145 filium
1565 2085 1696 2158 dici,
1742 2086 1852 2146 sed
1887 2087 2166 2164 corporis
2197 2089 2346 2166 aegri

162 2171 245 2234 30
262 2170 399 2232 vitia
424 2172 663 2235 sentire.
726 2169 859 2229 Non
880 2176 1075 2228 tamen
1102 2176 1235 2229 ante
1259 2187 1326 2228 se
1350 2171 1572 2250 recepit
1591 2170 1652 2231 in
1681 2179 1887 2245 castra,
1926 2189 2116 2249 quam
2143 2181 2344 2235 minuta

261 2256 562 2338 perspexit
586 2265 645 2317 et
664 2272 813 2333 quae
839 2253 965 2332 lieri
988 2255 1161 2315 vellet
1186 2254 1381 2316 edixit.

388 2343 568 2420 Ergo,
612 2341 763 2402 sicut
786 2341 1133 2419 imperatum
1158 2350 1302 2414 erat,
1343 2340 1432 2400 alii
1461 2346 1618 2400 extra
1647 2339 1852 2400 urbem
1878 2347 2032 2400 tecta
2059 2341 2346 2404 demolie-

246 2427 491 2488 ¹bantur·
510 2429 925 2506 ingentemque
959 2426 1072 2487 vim
1110 2425 1388 2488 materiae
1412 2421 1682 2486 facien-do
1705 2424 1904 2502 aggeri
1927 2425 2346 2490 detrahebant.

262 2511 357 2572 alii
386 2530 729 2589 magnarum
762 2512 1035 2573 arborum
1072 2511 1300 2591 stipites
1331 2509 1618 2588 [cumulis]
1647 2528 1718 2570 ac
1748 2511 1937 2571 ‚moles
1971 2516 2261 2574 saxorum
2289 2513 2345 2574 in

91 2623 100 2636 1
162 2595 242 2666 31
266 2613 545 2658 cavernas
578 2597 945 2662 deiiciebant.
1010 2597 1252 2676 Iamque
1287 2615 1466 2677 agger
1493 2605 1843 2674 aequaverat
1869 2614 2144 2660 summae
2181 2601 2342 2660 fasti—

264 2680 422 2759 gium
442 2690 657 2744 terrae:
694 2683 893 2760 itaque
916 2694 1107 2744 turres
1128 2683 1444 2760 erigebant,
1471 2699 1619 2760 quae
1643 2699 1822 2760 opera
1848 2680 2082 2759 ingenti
2100 2684 2340 2747 militum

264 2766 477 2827 ardore
502 2769 658 2829 intra.
678 2787 899 2829 nonum
926 2769 1080 2830 diem
1104 2769 1373 2831 absoluta
1401 2775 1555 2830 sunt.
1600 2768 1686 2828 Ad
1699 2785 1765 2830 ea
1792 2766 2034 2829 visenda
2057 2788 2172 2830 rex
2197 2790 2344 2832 non-

263 2851 404 2912 dum
443 2852 693 2914 obducta
730 2853 952 2913 vulneri
992 2854 1256 2914 cicatrice
1299 2851 1602 2932 processit,
1645 2852 2018 2934 laudatisque
2061 2855 2344 2918 militibus

262 2935 561 2998 admoveri
597 2939 894 3000 machinas
930 2939 1119 3011 iussit,
1159 2958 1193 2999 e
1229 2939 1440 3018 quibus
1470 2939 1680 3016 ingens
1705 2937 1790 3007 vis
1823 2939 2084 3000 telorum
2120 2941 2186 3002 in
2215 2961 2320 3021 pro

163 3025 246 3088 32
263 3030 623 3102 pugnatores
642 3027 825 3086 effusa
850 3033 956 3086 est.
1000 3025 1320 3104 Praecipue
1343 3025 1521 3086 rudes
1541 3023 1744 3087 talium
1763 3041 2014 3103 operum
2037 3029 2342 3090 terrebant

256 3107 509 3171 mobiles
536 3117 743 3178 turres,
774 3117 1083 3188 tantasque
1108 3111 1294 3174 moles
1319 3107 1478 3172 nulla
1501 3129 1637 3190 ope,
1665 3128 1812 3188 quae
1837 3119 2216 3186 cerneretur,
2253 3113 2340 3176 ad·

266 3194 470 3256 ductas
498 3193 741 3256 deorum
784 3196 1023 3258 numine
1056 3195 1150 3272 agi
1186 3197 1522 3258 credebant.
1588 3195 1712 3260 Pila
1748 3214 1982 3274 quoque
2007 3199 2339 3262 mur-aliaet

264 3298 543 3342 excussas
570 3281 877 3342 tormentis
908 3297 1256 3359 praegraves
1285 3282 1484 3344 hastas
1511 3282 1806 3358 negabant
1833 3282 2164 3345 convenire
2187 3303 2340 3348 mor-

110 3399 115 3405 a
160 3359 246 3422 33
266 3365 497 3428 talibus,
540 3367 743 3448 ltaque
762 3366 1065 3446 desperata
1086 3365 1247 3428 urhis
1265 3368 1448 3430 tutela
1467 3375 1816 3432 concessere
1833 3367 1895 3432 in
1914 3385 2142 3432 arcem.
2177 3371 2344 3440 Inde,

264 3451 401 3526 quia
421 3453 562 3514 nihil
590 3453 851 3516 obsessis
876 3461 1109 3532 praeter
1134 3452 1486 3516 deditionem
1520 3453 2010 3533 placebat‚,legati
2029 3457 2113 3518 ad
2139 3473 2350 3536 regem

152 3527 251 3590 ,34
268 3534 698 3602 descenderunt
718 3539 945 3600 veniam
964 3540 1226 3634 petituri.
1287 3539 1414 3610 Qua
1445 3540 1754 3618 impetrata
1785 3539 1990 3618 regina
2014 3541 2190 3604 venit
2215 3559 2350 3604 cum
