2417 3900
1484 0 1541 35 χ

492 96 787 161 ·L1B.v1.
836 84 989 181 (lv.)
1054 100 1215 166 car.
1257 104 1352 167 lv.
1399 52 1742 175 5--2N5‘x,x
2038 98 2122 161 99

74 214 160 274 dia
198 216 355 277 flexu
390 217 625 279 modico
662 216 859 281 sinum
890 220 1115 283 faciunt
1150 222 1328 284 lunae
1359 222 1611 287 maxime
1646 188 1916 299 simiffi
1943 233 2128 295 quum

64 301 319 361 eminent
342 320 584 378 cornua,
612 306 878 367 nondum
901 313 1095 368 totum
1124 308 1330 370 orbem
1355 310 1550 371 sidere
1573 308 1876 389 implente.
1923 300 2127 401 ἱῖζῦὸζ
2151 302 2231 366 17

62 395 153 448 tae
176 395 234 448 et
254 387 485 469 Mosyni
511 398 573 451 et
594 390 879 469 Chalybes
903 410 937 453 a
960 391 1125 453 laeva
1152 402 1309 468 sunt,
1335 396 1408 457 ab
1435 398 1612 457 altera
1637 405 1807 475 parte
1823 380 2202 489 Leucosyi’r,x

2281 0 2391 81 Χ

63 482 117 533 et
146 476 515 537 Amazonum
542 476 765 557 campi3
801 485 860 537 et
892 478 1025 539 illos
1053 498 1167 557 qua
1194 480 1382 560 vergit
1407 482 1480 541 ad
1509 482 1994 561 septentrionem,
2028 486 2142 545 hos
2223 504 2301 557 χ

60 560 129 619 ad
170 580 445 623 occasum
484 579 769 623 conversa
798 573 1154 644 prospectat.
1200 566 1365 628 Mare
1393 567 1955 654 Caspiumkdulcius
1984 578 2143 630 cete·
2166 576 2247 639 18
2311 563 2327 574 Χ

54 645 167 721 riS,
204 646 463 725 ingentis
499 647 917 725 magnitudinis
956 662 1266 730 serpentes
1296 654 1434 725 alit;
1470 652 1720 732 piscium
1757 654 1821 715 in
1861 673 1933 716 eo
1968 654 2147 735 longe

58 733 330 793 diversus
351 733 425 793 ab
446 732 573 794 aliis
596 736 760 795 color
783 744 889 797 est.
938 738 1189 811 Quidam
1210 740 1506 820 Caspium,
1535 738 1773 817 quidam
1791 740 2155 819 Hyrcaniumx

53 819 392 898 appellant:
422 820 517 881 alii
540 830 696 895 sunt,
723 819 823 900 qui
846 822 1153 886 Maeotiam
1186 826 1463 907 paludem
1490 826 1552 886 in
1582 824 1642 885 id
1672 826 1883 887 cadere
1906 837 2146 906 putent:

48 915 114 964 et
154 913 565 983 argumentum
604 908 871 982 afferunt,
910 928 1143 989 aquam,
1181 911 1340 991 quod
1379 911 1610 973 dulcior
1635 912 1709 973 sit
1743 931 1914 992 quarn
1955 922 2154 975 cetera·

31 990 266 1065 maria,
294 992 496 1053 infuso
524 993 761 1073 paludis
780 994 1033 1059 humore
1058 998 1389 1059 mitescere.
1433 1001 1481 1059 A
1503 999 1908 1078 septentrione
1934 1000 2146 1079 ingens
2169 1012 2248 1074 19

48 1076 109 1137 in
137 1076 275 1139 litus
301 1096 467 1139 mare
491 1076 781 1141 incumbit
816 1081 1111 1161 longeque
1137 1083 1257 1163 agit
1279 1086 1492 1147 fluctus
1517 1093 1576 1144 et
1601 1101 1816 1163 magna
1850 1096 2018 1166 parte
2045 1104 2149 1146 ex·-

52 1172 330 1225 aestuans
364 1172 616 1244 stagnat.
646 1164 811 1227 Idem
848 1168 961 1229 alio
992 1168 1139 1231 coeli
1166 1178 1322 1230 statu
1355 1170 1566 1249 recipit
1589 1169 1653 1230 in
1679 1190 1746 1231 se
1775 1172 2010 1245 fretum,
2043 1189 2148 1240 eo-

53 1249 307 1330 demque
335 1250 584 1330 impetu,
610 1269 729 1331 quo
761 1253 1015 1313 effusum
1040 1263 1149 1327 est,
1172 1255 1450 1323 relabens
1476 1263 1694 1315 terram
1721 1266 1971 1317 naturae
2006 1273 2150 1317 suae

48 1334 263 1399 reddit.
303 1336 403 1419 xEt
437 1336 681 1415 quidam
710 1336 1037 1411 credidere,
1076 1357 1200 1400 non
1231 1340 1508 1418 Caspium
1538 1357 1704 1401 mare
1741 1358 1896 1412 esse,
1934 1342 2042 1403 sed
2081 1358 2152 1401 ex

48 1421 220 1483 India
244 1423 308 1484 in
334 1421 687 1501 Hyrcaniam
714 1421 945 1495 cadere,
972 1421 1136 1483 cuius
1162 1423 1478 1502 fastigium,
1509 1434 1776 1505 utsupra
1800 1426 2020 1487 dictum
2043 1434 2150 1501 est,

48 1518 345 1589 perpetua
368 1508 520 1567 valle
546 1504 951 1569 summittitur.

185 1594 343 1655 Hinc
372 1611 476 1653 rex
504 1610 583 1652 xx
610 1590 797 1653 stadia
825 1590 1116 1671 processit
1146 1590 1354 1653 semita
1381 1593 1820 1673 propemodum
1843 1594 2018 1668 invia,
2059 1593 2154 1667 cui
2171 1600 2256 1661 20

31 1679 203 1741 -nilva
227 1678 593 1753 imminebat,
620 1685 1036 1759 torrentesque
1060 1685 1119 1739 et
1142 1676 1362 1739 eluvies
1389 1678 1503 1740 iter
1527 1680 1932 1742 morabantur.
1977 1680 2152 1742 Nullo

31 1792 51 1823 ·.
129 1782 261 1828 nen
294 1765 469 1826 hoste
496 1762 669 1825 obvio
698 1773 994 1846 penetrat,
1020 1763 1376 1845 tandemque
1399 1766 1478 1827 ad
1502 1766 1778 1827 ulteriora
1803 1775 2154 1847 perventum

44 1858 166 1913 est.
219 1849 464 1911 Praeter
491 1848 639 1912 alios
666 1860 1048 1925 commeatuS,
1070 1869 1322 1931 quorum
1349 1859 1471 1913 tum
1499 1852 1666 1933 copia
1693 1854 1856 1933 regio
1881 1853 2153 1917 abunda-
2171 1862 2254 1926 21

44 1938 173 2010 bat,
217 1955 533 2016 pomorum
576 1956 810 2018 quoque
847 1936 1059 2020 ingens
1097 1938 1322 2000 modus
1359 1939 1652 2015 nascitur,
1694 1949 1754 2002 et
1785 1940 2152 2004 uberrimum

48 2022 373 2102 gignendis
395 2023 524 2086 uvis
544 2023 737 2086 solum
761 2032 873 2087 est.
916 2027 1226 2106 Frequens
1245 2025 1425 2086 arbor
1445 2026 1657 2088 faciem
1679 2045 1932 2107 quercus
1949 2027 2150 2101 habet,
2171 2033 2256 2096 22

51 2109 229 2172 cuius
275 2109 413 2172 folia
444 2110 630 2172 multo
662 2111 839 2174 melle
865 2109 1191 2190 tinguntur,
1235 2110 1344 2171 sed
1379 2110 1495 2171 nisi
1527 2111 1672 2172 solis
1708 2123 1898 2173 ortum
1925 2113 2154 2174 incolae

52 2195 500 2274 occupaverint,
537 2197 629 2256 vel
665 2196 901 2259 modico
939 2209 1147 2276 tepore
1182 2213 1395 2256 succus
1433 2196 1841 2274 exstinguitur.
1887 2195 2154 2274 Triginta
2173 2204 2258 2266 23

48 2282 203 2343 hinc
230 2280 423 2343 stadia
452 2288 843 2361 processerat,
881 2299 1064 2361 quum
1088 2280 1570 2359 Phrataphernes
1605 2280 1658 2340 ei
1685 2280 1942 2342 occurrit
1970 2299 2156 2360 seque

53 2379 111 2429 et
135 2385 275 2441 eoa,
301 2367 403 2445 qui
428 2374 564 2446 post
592 2366 767 2428 Darei
793 2375 1045 2428 mortem
1075 2368 1480 2445 profugerant,
1517 2365 1774 2427 dedens:
1800 2365 2018 2445 quibus
2048 2367 2156 2428 he·-

50 2455 243 2533 nigne
284 2452 545 2533 exceptis
574 2453 650 2515 ad
689 2452 977 2534 oppidum
1012 2453 1197 2514 Arvas
1225 2451 1512 2531 pervenit.
1569 2450 1682 2512 Hic
1708 2451 1759 2511 ei
1788 2452 2062 2514 Craterus
2097 2461 2156 2515 et

50 2538 336 2620 Erigyius
364 2545 703 2602 occurrunt.
754 2539 1125 2600 Praefectum
1162 2538 1538 2618 Tapurorum
1575 2537 1768 2618 gentis
1796 2536 2154 2603 Phradatem
2173 2543 2258 2604 24

50 2627 454 2688 adduxerant.
513 2623 625 2686 Hic
646 2643 887 2706 quoque
914 2625 975 2687 in
1000 2624 1179 2686 fidem
1211 2632 1490 2704 receptus
1515 2623 1714 2686 multis
1752 2626 2020 2706 exemplo
2049 2626 2158 2688 fuit

54 2710 411 2792 experiendi
446 2710 815 2774 clementiam
848 2710 1025 2790 regis·
1084 2709 1373 2790 Satrapen
1400 2707 1616 2773 deinde
1637 2709 1964 2792 Hyrcaniae
1992 2713 2158 2775 dedit
2173 2713 2258 2776 25

56 2797 380 2878 Manapin:
430 2798 564 2862 exul
602 2797 703 2859 hic
742 2805 1028 2878 regnante
1074 2795 1241 2858 Ocho
1285 2796 1360 2858 ad
1402 2796 1738 2878 Philippum
1786 2808 2156 2879 pervenerat.
2277 2843 2284 2850 =

55 2886 443 2967 Tapurorum
474 2903 711 2965 quoque
734 2893 969 2964 gentem
996 2882 1276 2946 Phradati
1297 2883 1573 2945 reddidit.
1851 2951 1868 2964 ‚

196 2972 365 3050 Cap.
402 2969 470 3032 V.
534 2971 775 3050 Iamque
818 2970 963 3049 [rex]
1005 2969 1210 3031 ultima
1246 2968 1571 3048 Hyrcaniae
1610 2969 1946 3044 intraverat,
1973 2988 2158 3050 quum
2179 2979 2216 3040 1

54 3055 415 3130 ArtabazuS‚
444 3075 617 3136 quem
643 3058 834 3120 Dareo
876 3055 1228 3119 fidissimum
1264 3055 1450 3118 fuisse
1487 3074 1668 3136 supra
1706 3055 1978 3130 diximus,
2024 3074 2156 3118 cum

56 3141 428 3226 propinquis
452 3142 625 3205 Darei
660 3162 729 3205 ac
759 3143 883 3205 suis
910 3142 1113 3205 liberis
1148 3141 1502 3222 modicaque
1527 3142 1884 3206 Graecorum
1911 3141 2158 3204 militum

58 3249 259 3292 manu
300 3229 573 3292 occurrit.
617 3231 890 3292 Dextram
928 3229 1185 3292 venienti
1210 3228 1422 3292 obtulit
1443 3248 1576 3292 rex:
1611 3231 1832 3312 quippe
1855 3237 1916 3290 et
1934 3229 2218 3304 hospes2

57 3315 334 3396 Philippi
358 3317 385 3376 l
382 3325 563 3390 uerat,
584 3335 763 3395 quum
786 3315 951 3378 Ocho
969 3325 1255 3396 regnante
1275 3317 1552 3392 exularet,
1571 3327 1632 3380 et
1650 3315 1892 3397 hospitii
1910 3313 2160 3394 pignora

58 3403 125 3466 in
154 3419 367 3482 regem
400 3420 571 3464 suum
598 3402 671 3462 ad
701 3403 969 3466 ultimum
1006 3405 1157 3467 fides
1186 3411 1534 3466 conservata
1566 3404 1854 3467 vincebat.
1899 3396 2222 3463 Comiter3

61 3489 257 3568 igitur
286 3496 585 3568 exceptus,
616 3488 707 3550 Tu
736 3489 993 3569 quidem,
1017 3489 1226 3571 inquit,
1263 3508 1384 3567 rex,
1419 3492 1564 3553 deos
1598 3507 1840 3569 quaeso,
1873 3492 2162 3565 perpetua

66 3575 354 3638 felicitate
403 3575 653 3636 floreas..
676 3575 822 3656 -Ego
866 3575 1077 3640 ceteris
1117 3579 1312 3640 laetus
1350 3578 1466 3639 hoc
1499 3595 1621 3638 uno
1655 3583 1956 3653 torqueor,
1997 3571 2160 3654 quod

1773 3671 1803 3723 7
1823 3671 1848 3701 ⁴¹
1919 3685 1930 3696 ³
