2417 3900
245 115 332 179 u
691 113 794 176 DE
835 83 1859 182 essris·ALsxANnn1‘'nAsm

247 235 364 303 bus
390 231 686 307 habitant,
734 233 831 296 hic
850 249 1090 312 quoque
1117 231 1214 292 dei
1238 231 1540 292 oraculum
1566 239 1681 290 est:
1731 227 1929 289 ultima
1958 225 2341 290 munimenta

144 329 228 390 22
249 320 564 382 satellitum
590 319 1137 398 armigerorumque
1163 318 1339 378 sedes
1366 323 1553 379 erant.
1606 315 1735 376 Est
1758 314 1933 374 etiam
1960 312 2117 374 aliud
2146 313 2340 375 Ham-

247 406 442 470 monis
475 423 718 480 nemus3
767 407 831 466 in
870 403 1066 466 medio
1110 403 1293 465 habet
1335 405 1591 475 rontem3
1642 400 1787 462 solis
1824 414 2037 479 aquam
2084 411 2337 464 vocant:

247 493 362 556 suh
389 491 548 554 lucis
567 499 768 554 ortum
799 489 997 572 tepida
1023 498 1241 565 manat,
1284 490 1481 551 medio
1518 488 1631 562 die,
1676 486 1843 548 cuius
1870 485 2339 548 vehementissi-

243 585 378 642 mus
405 585 498 640 est
517 577 697 651 calor,
721 577 932 657 frigida
951 578 1158 638 eadem
1175 576 1321 650 fluit,
1348 575 1625 637 inclinato
1648 572 1711 634 in
1728 587 2040 652 vespemm
2066 573 2338 649 calescit,

201 671 214 728 Ξ
243 664 438 728 media
455 670 631 726 nocte
653 664 874 726 fervida
901 671 1221 736 exaestuat,
1249 679 1487 742 quoque
1510 679 1629 722 nox
1650 658 1899 739 propius
1920 657 2114 737 vergit
2134 661 2219 722 ad
2242 661 2341 722 lu·-

248 767 397 823 cem,
445 751 696 812 multum
729 769 802 811 ex
824 757 1118 812 nocturno
1155 748 1353 809 calore
1382 745 1687 820 decrescit,
1742 747 1937 806 donec
1974 745 2089 806 sub
2128 745 2339 826 ipsum

143 839 225 900 23
249 835 364 896 diei
391 844 590 896 ortum
615 843 856 898 assueto
883 844 1094 915 tepore
1127 835 1489 912 languescat.
1574 832 1661 905 Id,
1708 829 1870 912 quod
1892 846 2001 912 pro
2035 831 2155 892 deo
2186 834 2339 895 coli-

159 929 170 982 3
204 974 212 984 .
245 929 360 993 tur,
411 939 534 981 non
575 921 823 982 eandem
859 921 1110 999 effigiem
1139 921 1337 994 habet,
1389 935 1565 1000 quam
1597 915 1921 997 vulgoniis
1944 917 2207 979 artifices
2232 937 2338 980 ae-

245 1007 800 1068 commodaverunt:
827 1007 1103 1069 umbilico
1122 1007 1375 1068 maxime
1390 1005 1601 1068 similis
1618 1014 1711 1065 est
1730 1003 1985 1086 habitum,
2010 1007 2336 1083 smaragdo

145 1093 231 1156 24
251 1101 312 1156 et
335 1093 588 1172 gemmis
613 1100 1074 1172 coagmentatus.
1149 1093 1339 1168 Hunc,
1362 1110 1545 1172 quum
1562 1107 1925 1170 responsum
1951 1089 2197 1170 petitur,
2226 1109 2336 1152 na·-

251 1179 408 1258 vigio
448 1187 654 1240 aurato
695 1187 929 1258 gestant
969 1179 1309 1240 sacerdotes
1326 1226 1341 1252 ‚
1392 1177 1595 1240 multis
1642 1175 1941 1255 argenteis
1984 1176 2217 1255 pateris
2260 1177 2335 1240 ab

202 1317 214 1328 .
254 1275 506 1344 utroque
543 1265 758 1343 navigii
785 1265 964 1327 latere
991 1265 1419 1346 pendentibus:
1468 1274 1797 1344 sequuntur
1818 1269 2127 1322 matronae
2152 1263 2337 1342 virgi-

250 1368 480 1430 nesque
531 1351 721 1430 patrio
765 1370 934 1413 more
979 1352 1347 1412 inconditum
1392 1350 1692 1431 quoddam
1740 1363 1976 1410 carmen
2024 1359 2335 1424 canenteS,

251 1455 370 1515 quo
407 1437 712 1516 propitiari
747 1438 948 1500 Iovem
985 1439 1263 1512 credunt,
1313 1448 1379 1499 ut
1414 1444 1639 1498 certum
1675 1435 1815 1496 edat
1850 1435 2179 1496 oraculum.

145 1521 264 1586 25.
377 1524 462 1584 Ac
486 1532 612 1586 tum
641 1523 882 1603 quidem
917 1542 1120 1603 regem
1155 1523 1403 1604 propius
1440 1522 1754 1584 adeuntem
1800 1520 2091 1581 maximus
2118 1529 2271 1583 natu
2304 1537 2337 1582 e

153 1617 166 1670 ὲ
250 1607 666 1670 sacerdotibus
701 1609 888 1670 filium
927 1611 1202 1688 appellat,
1250 1611 1367 1670 hoc
1402 1626 1621 1671 nomen
1662 1607 1742 1671 illi
1774 1615 2087 1686 parentem
2132 1606 2339 1669 lovem

247 1693 504 1756 reddere
539 1695 859 1756 affirmans.
945 1694 1050 1756 llle
1087 1714 1229 1756 vero
1268 1704 1327 1756 et
1368 1695 1637 1773 accipere
1676 1712 1745 1754 se
1777 1692 1859 1753 ait
1898 1701 1959 1754 et
1984 1709 2339 1770 agnoscere,

143 1785 228 1849 26
247 1777 542 1838 humanae
567 1777 748 1840 sortis
775 1779 1013 1842 oblitus.
1105 1780 1411 1842 Consuluit
1438 1779 1673 1852 deinde,
1711 1797 1791 1840 an
1814 1779 1997 1840 totius
2022 1779 2197 1841 orb'is
2225 1781 2337 1840 im·

248 1863 476 1941 perium
502 1863 633 1924 fatis
662 1864 774 1925 sibi
805 1865 1127 1928 destinaret
1151 1863 1367 1946 pater?
1418 1868 1619 1944 Aeque
1645 1866 1709 1926 in
1735 1865 2135 1926 adulationem
2162 1885 2334 1927 com-

144 1956 228 2019 27
247 1950 479 2029 positus
515 1957 807 2013 terrarum
841 1954 1103 2015 omnium
1146 1960 1437 2017 rectorem
1474 1954 1603 2013 fore
1641 1952 1927 2013 ostendit.
2012 1952 2166 2014 Post
2188 1955 2339 2015 haec

246 2033 460 2097 institit
492 2054 795 2115 quaerere,
843 2056 920 2099 an
959 2058 1168 2101 omnes
1205 2039 1471 2119 parentis
1512 2039 1605 2099 sui
1645 2038 2063 2100 interfectores
2104 2058 2338 2119 poenas

248 2120 576 2185 dedissent.
663 2124 955 2185 Sacerdos
983 2133 1291 2204 parentem
1322 2125 1458 2185 eius·
1478 2132 1655 2203 negat
1694 2124 1867 2185 ullius
1892 2125 2123 2185 scelere
2152 2142 2340 2206 posse

247 2206 469 2283 violari,
497 2209 754 2289 Philippi
779 2219 970 2273 autem
1000 2230 1210 2273 omnes
1238 2210 1418 2272 luisse
1446 2210 1757 2291 supplicia:
1788 2210 2018 2282 adiecit,
2046 2210 2340 2274 invictum

147 2296 232 2359 28
247 2294 398 2368 fore,
447 2298 642 2357 donec
675 2298 987 2359 excederet
1023 2300 1097 2360 ad
1135 2300 1301 2359 deos·
1392 2297 1690 2358 Sacrificio
1726 2297 1943 2357 deinde
1982 2298 2139 2358 facto
2178 2300 2341 2360 dona

251 2386 312 2441 et
339 2382 746 2444 sacerdotibus
778 2394 835 2445 et
860 2384 974 2445 deo
1006 2386 1139 2446 data
1167 2393 1326 2455 sunt,
1354 2384 1831 2462 permissumque
1860 2381 2085 2457 amicis,
2128 2392 2197 2446 ut
2224 2384 2342 2465 ipsi

249 2482 487 2543 quoque
519 2468 898 2531 consulerent
921 2470 1142 2531 Iovem.
1232 2470 1386 2531 Nihil
1412 2470 1663 2549 amplius
1688 2469 2091 2549 quaesierunt,
2129 2484 2340 2549 qnam,

207 2601 215 2607 .
251 2564 328 2609 an
359 2560 570 2611 auctor
605 2564 766 2614 esset
807 2554 921 2615 sihi
960 2556 1174 2617 divinis
1219 2556 1549 2618 honoribus
1590 2554 1823 2617 colendi
1864 2572 2038 2617 suum
2082 2554 2343 2635 regem?

249 2633 380 2695 Hoc
419 2655 654 2716 quoque
689 2652 998 2719 accept-um
1033 2642 1159 2702 fore
1195 2641 1319 2702 Iovi
1344 2651 1509 2703 vates
1535 2641 1845 2720 respondit
1886 2641 1972 2719 [ut
2004 2641 2127 2720 ipsi
2148 2644 2341 2705 victo-
2398 2642 2400 2707 l

145 2718 230 2781 89
251 2736 378 2780 rem
416 2740 618 2799 regem
653 2722 852 2785 divino
889 2726 1120 2788 honore
1150 2728 1459 2805 colerent}.
1546 2728 1697 2789 Vere
1722 2736 1781 2789 et
1806 2726 2125 2789 salubriter
2154 2730 2339 2791 aesti-

253 2806 442 2867 manti
475 2808 655 2871 fidem
693 2812 914 2872 oraculi
937 2828 1086 2873 vana
1121 2816 1390 2892 profecto
1428 2830 1721 2893 responsa
1742 2813 1930 2875 videri
1964 2814 2337 2893 potuissent:
2397 2870 2398 2873 ,

251 2890 362 2953 sed
388 2894 642 2969 fortuna,
687 2914 842 2974 quos
875 2898 978 2958 uni
1005 2898 1117 2960 sibi
1145 2900 1391 2961 credere
1419 2900 1627 2978 coegit,
1678 2917 1891 2977 magna
1914 2918 1987 2959 ex
2014 2910 2191 2979 parte
2218 2904 2340 2964 avi-
2397 2924 2398 2965 3

145 2974 232 3039 30
253 2976 362 3039 dos
397 2974 618 3057 gloriae
651 2983 840 3061 magis
875 3002 1052 3063 quam
1099 3003 1349 3065 capaces
1394 2986 1549 3047 facit.
1632 2984 1791 3047 lov-is
1828 2985 2005 3065 igitur
2042 2984 2241 3049 filium
2278 3006 2339 3049 se

249 3080 374 3126 non
411 3066 602 3127 solum
642 3070 933 3148 appellari
965 3086 1180 3149 passus
1226 3081 1346 3144 est,
1394 3073 1502 3133 sed
1544 3071 1718 3132 etiam
1762 3071 1963 3145 iussit,
2012 3090 2339 3154 rerumque

249 3158 548 3229 &eaerum
585 3153 820 3229 famam,
871 3157 1013 3217 dum
1051 3174 1269 3235 augere
1300 3158 1421 3219 vult
1455 3157 1555 3219 tali
1583 3157 1996 3237 appellatione,
2048 3161 2339 3241 corrupit.

125 3234 230 3305 ‘31
247 3236 330 3299 Et
349 3237 728 3314 Macedones,
771 3241 993 3303 assueti
1019 3244 1261 3323 quidem
1294 3244 1457 3323 regio
1490 3244 1762 3323 imperio,
1794 3244 1987 3306 sed-in
2010 3244 2249 3308 maiore
2272 3247 2341 3309 li-

149 3353 156 3365 ·
195 3370 216 3378 ..
249 3322 496 3389 herlans
526 3325 759 3399 umbra,
807 3346 984 3407 qnam
1007 3338 1240 3391 ceterae
1266 3339 1495 3408 gentes,
1529 3330 2027 3393 immortalitatem
2052 3332 2341 3395 affectan-

250 3412 830 3488 temeontumacius,
881 3432 1060 3495 quam
1089 3426 1187 3477 aut
1214 3415 1361 3496 ipsis
1384 3416 1735 3496 expediebat
1758 3426 1859 3479 ant
1878 3416 2024 3495 regi,
2080 3418 2343 3482 aversati
2393 3488 2394 3492 ,

143 3492 230 3559 ³2
249 3504 408 3557 sunt.
474 3498 594 3560 Sed
615 3499 766 3562 haec
783 3520 896 3563 suo
918 3520 1196 3583 quaeque
1222 3503 1481 3583 tempori
1502 3510 1907 3565 reserventur:
1948 3519 2117 3567 nunc
2140 3508 2341 3569 cetera

245 3584 490 3663 marui
518 3604 784 3667 persam·
