2417 3900
236 106 363 167 114
710 106 809 167 DE
850 106 1115 169 GESTts
1158 106 1588 170 ALEXANDRI
1629 104 1870 167 MAGNI

234 227 445 291 umbra
460 223 723 286 Philotas
740 226 1012 297 latebam,
1036 225 1135 305 qui
1154 242 1403 305 regnum
1421 226 1806 288 Macedonum
1829 226 2054 285 aflecto.
2093 220 2170 282 Et
2187 222 2330 302 quis

236 333 273 374 e
300 311 467 373 vobis
512 318 825 390 coiruptus
862 320 953 372 est
980 309 1200 373 donis?
1249 332 1422 392 quem
1445 314 1695 399 ducem,
1741 328 1916 391 quem
1939 309 2328 393 ,praefectum

127 397 217 459 23
238 396 564 477 impensius
592 394 791 458 colui?
834 396 972 459 Mihi
998 397 1234 477 quidem
1261 398 1547 473 obiicitur,
1583 398 1744 479 quod
1779 395 2121 457 societatem
2147 394 2328 473 patrii

234 482 530 546 sermonis
554 500 855 561 asperner,
884 484 1043 562 quod
1072 484 1460 545 Macedonum
1497 502 1696 545 mores
1725 482 2034 544 fastidiam.
2079 480 2186 540 Sic
2211 498 2326 561 ego

232 568 502 649 imperio,
524 568 681 647 quod
702 569 1010 647 dedignor,
1028 569 1327 630 immineo.
1365 570 1484 631 lam
1505 571 1735 649 pridem
1757 567 1986 631 nativus
2003 568 2102 628 ille
2123 584 2326 627 sermo

230 654 587 716 commercio
612 654 853 718 aliarum
880 655 1137 734 gentium
1158 656 1436 716 exolevit:
1459 662 1578 716 tam
1597 654 1918 717 victoribus
1947 670 2126 733 quam
2155 652 2326 714 victis

124 740 211 800 24
233 740 543 821 peregrina
578 740 773 820 lingua
814 740 1096 801 discenda
1140 750 1249 802 est.
1314 742 1442 802 Non
1482 740 1818 803 mehercule
1853 739 1966 800 ista
1997 756 2096 799 me
2135 739 2328 818 magis

216 826 488 897 laedunt,
533 843 709 905 quam
750 827 909 904 quod
946 828 1244 905 Amyntam,
1291 827 1608 888 Perdiccae
1648 827 1824 900 filius»,
1867 825 2185 886 insidiatus
2237 833 2326 887 est

230 912 387 991 regi3
434 930 566 972 cum
588 930 703 990 quo
728 911 885 990 quod
910 912 1163 973 amicitia
1189 914 1363 973 fuerit
1385 913 1544 986 mibi,
1590 932 1709 975 non
1738 930 1949 975 recuso
1977 912 2323 986 defendere,

122 993 209 1055 25
229 998 283 1060 si
300 1000 549 1059 &ati-em
570 996 729 1075 regis
750 1014 869 1057 non
892 998 1153 1077 oportuit
1170 998 1327 1077 diligi
1355 1016 1387 1058 a
1407 1000 1597 1061 nobis.
1641 999 1745 1062 Sin
1766 1006 1966 1059 >autem
1983 997 2048 1057 in
2071 996 2176 1057 illo
2201 999 2324 1058 for-

232 1093 407 1145 tunae
428 1082 611 1161 gradu
630 1082 887 1162 positum
906 1084 1081 1145 etiam
1100 1084 1370 1147 venerari
1389 1102 1634 1146 necesse
1657 1092 1811 1147 eret:
1837 1092 2055 1157 utrum,
2077 1100 2322 1163 quaeso,

228 1171 395 1249 quod
408 1186 531 1230 non
550 1168 821 1243 divinavi,
840 1188 977 1231 reus
996 1187 1127 1231 sum
1144 1188 1222 1231 an
1241 1170 1559 1251 impiorum
1579 1170 1780 1232 amicis
1799 1169 2142 1231 insontibus
2163 1186 2322 1246 quo-

231 1274 344 1335 qne
368 1254 743 1317 moriendum
764 1252 905 1317 est?
948 1256 1122 1329 Quod
1149 1255 1199 1317 si
1225 1274 1473 1336 aequum
1497 1267 1606 1331 est,
1649 1264 1894 1318 curtam
1923 1254 2022 1316 diu
2045 1251 2222 1316 vivo?
2267 1254 2322 1316 si

122 1340 211 1409 26
228 1340 531 1424 iniustum,
574 1360 683 1402 cur
708 1358 867 1402 nunc
894 1342 1132 1403 demum
1158 1340 1440 1403 occidor?
1484 1346 1556 1404 At
1583 1343 1738 1403 enim
1771 1340 2001 1420 scripsi,
2047 1339 2320 1403 misereri

228 1444 329 1487 me
352 1445 577 1500 eorum,
600 1427 813 1506 quibus
834 1426 1148 1491 vivendum
1172 1439 1332 1490 esset
1349 1428 1460 1490 sub
1481 1448 1574 1502 eo,
1599 1428 1698 1509 qui
1720 1446 1784 1489 se
1802 1427 1959 1488 lovis
1977 1426 2165 1488 fllium
2189 1445 2320 1488 cre-

231 1512 417 1573 deret.
461 1512 637 1573 Fides
660 1512 963 1588 amicitiae,
1008 1515 1129 1575 veri
1166 1515 1394 1576 consilii
1425 1516 1752 1595 periculosa
1785 1514 2046 1586 libertsS,
2085 1528 2198 1574 vos
2227 1530 2320 1573 me

120 1596 210 1660 27
228 1597 579 1678 decepistis!
608 1616 734 1671 vos,
758 1616 907 1677 quae
926 1600 1272 1674 sentiebam,
1305 1618 1382 1661 ne
1409 1602 1736 1673 reticerem,
1765 1597 2116 1680 impulistis!
2163 1600 2320 1661 Scri-

228 1684 425 1763 psisse
450 1702 547 1745 me
563 1684 713 1744 baec
736 1685 923 1747 fateor
944 1686 1083 1764 regi,
1108 1704 1232 1746 non
1253 1688 1330 1745 de
1347 1704 1488 1765 rege
1513 1687 1842 1766 scripsisse.
1889 1685 2022 1746 Non
2039 1685 2206 1746 enim
2236 1687 2318 1746 fa-

228 1769 455 1831 ciebam
484 1768 779 1840 invidiam,
822 1770 929 1829 sed
962 1788 1073 1849 pro
1100 1788 1169 1829 eo
1194 1770 1491 1833 timebam.
1557 1772 1800 1851 Dignior
1823 1771 1966 1832 mihi
1985 1771 2319 1833 Alexander

231 1853 559 1926 videbatur,
598 1853 697 1931 qui
720 1853 874 1914 lovis
902 1855 1146 1934 stirpem
1172 1855 1382 1917 tacitus
1412 1866 1780 1935 agnosceret,
1811 1874 1982 1937 quam
2011 1856 2118 1936 qui
2145 1874 2315 1938 prae-

122 1937 211 2000 28
230 1938 523 2002 dicatione
546 1938 803 2002 iactaret.
850 1939 969 2002 Sed
996 1940 1275 2020 quoniam
1301 1942 1517 2005 oraculi
1547 1945 1696 2005 fides
1729 1952 1884 2005 certa
1917 1951 2026 2016 est,
2067 1943 2148 2006 sit
2171 1944 2316 2006 deus

224 2043 473 2087 caussae
512 2041 677 2087 meae
706 2026 895 2087 testis.
960 2026 1230 2088 Retinete
1268 2029 1448 2090 mein
1490 2029 1757 2104 vinculiS,
1808 2030 1946 2091 dnm
1981 2030 2316 2092 consulitur

228 2111 519 2173 Hammon
570 2129 853 2174 arcanum
903 2121 961 2172 et
1006 2114 1299 2175 occultum
1353 2116 1564 2177 scelus,
1641 2116 1906 2189 Interim,
1961 2116 2066 2196 qui
2113 2135 2314 2195 regem

228 2205 498 2259 nostrum
546 2199 819 2278 dignatus
854 2205 943 2260 est
976 2198 1188 2272 filium,
1235 2202 1531 2261 neminem
1573 2219 1794 2275 eorum,
1839 2201 1936 2281 qui
1971 2201 2147 2281 stirpi
2178 2221 2316 2264 suae

120 2278 485 2363 winsidiati
512 2293 667 2358 sunt,
708 2285 891 2345 latere
920 2284 1193 2363 patietur.
1257 2287 1320 2347 Si
1353 2287 1602 2348 certiora
1629 2286 1882 2362 craculis
1911 2287 2154 2349 creditis
2187 2305 2316 2349 esse

230 2379 539 2442 tormenta,
574 2386 653 2431 ne
674 2371 827 2431 hanc
854 2369 1091 2450 quidem
1118 2371 1490 2434 exhibendae
1513 2373 1772 2434 veritatis
1797 2372 1975 2434 fidem
2003 2373 2315 2454 deprecor.

120 2449 209 2514 30
358 2456 565 2518 Solent
586 2457 674 2517 rei
700 2455 910 2535 capitis
936 2457 1218 2520 adbibere
1241 2459 1408 2520 vobis
1433 2469 1730 2540 parentes.
1774 2459 1936 2520 Duos
1960 2451 2180 2522 fratres
2209 2479 2313 2540 ego

226 2557 419 2618 nuper
436 2541 632 2615 amisi;
660 2552 883 2620 patrem
904 2559 1017 2603 nec
1038 2545 1356 2606 ostendere
1378 2561 1642 2624 possum,
1668 2563 1778 2606 nec
1795 2546 2072 2606 invocare
2097 2548 2312 2614 audeo.

11 2659 14 2704 .'
122 2620 202 2682 31
224 2640 405 2702 quum
434 2626 649 2705 etipse
670 2628 822 2688 tanti.
854 2628 1111 2689 miminis
1137 2632 1278 2692 reiis
1303 2631 1396 2692 sit.
1439 2629 1654 2693 Parum
1689 2640 1778 2693 est
1805 2632 1981 2705 enim,
2018 2639 2108 2693 tot
2133 2633 2309 2694 modo

227 2709 477 2772 libertini
502 2726 829 2790 parentem,
872 2713 933 2773 in
956 2715 1130 2775 unico
1156 2717 1276 2778 filio
1306 2717 1792 2796 acquiescentem,
1841 2735 1910 2778 eo
1939 2734 2184 2798 quoque
2215 2738 2310 2780 or-

120 2791 208 2856 32
224 2795 372 2869 beri,
410 2798 471 2858 ni
500 2798 717 2878 ipsein
738 2817 949 2877 rogum
974 2817 1169 2862 meum
1195 2802 1541 2883 imponitur.
1584 2803 1758 2882 Ergo,
1799 2803 2100 2865 carissime
2125 2813 2310 2885 pater,

13 2883 17 2894 '
226 2890 287 2944 et
310 2891 555 2962 propter
576 2903 671 2945 me
691 2885 959 2948 morieris
986 2895 1045 2947 ct
1060 2904 1312 2950 mecum.
1358 2890 1480 2967 Ego
1506 2888 1611 2950 tibi
1634 2889 1808 2950 vitam
1836 2889 2051 2965 adimo,
2073 2909 2194 2971 ego
2217 2909 2312 2953 se-

222 2977 521 3030 nectutem
546 2978 705 3033 tuam
736 2970 1071 3050 exstinguo!
1120 2974 1276 3046 Quid
1309 2976 1462 3036 enim
1498 2993 1592 3036 me
1617 2977 1972 3055 procreabas
2013 2977 2312 3040 infelicem

222 3055 672 3118 adversantibus
702 3055 856 3118 diis?
892 3076 966 3119 an
994 3067 1060 3119 ut
1094 3059 1205 3120 hos
1239 3079 1311 3121 ex
1346 3079 1438 3122 me
1467 3063 1692 3130 fructus
1731 3062 2085 3143 percipereS,
2125 3065 2234 3144 qui
2257 3073 2312 3126 te

14 3139 19 3176 ²
120 3135 509 3203 &manenti
554 3143 786 3216 Nescio,
814 3141 1211 3206 adolescentia
1237 3163 1365 3207 mea
1393 3147 1668 3209 miserior
1687 3149 1764 3211 sit
1785 3167 1861 3210 an
1887 3157 2169 3212 senectus
2192 3159 2310 3213 tua.

16 3295 18 3300 .
226 3227 353 3307 Ego
378 3228 593 3308 inipso
616 3229 832 3291 mbore
856 3229 1062 3290 aetatis
1084 3230 1332 3309 eripior:
1359 3234 1464 3294 tibi
1487 3235 1744 3305 carnifex
1771 3234 2038 3316 spiritum
2066 3237 2309 3312 adimet,

16 3333 18 3336 ⁴
120 3309 207 3372 :34
224 3329 403 3392 qnem
443 3315 494 3376 si
528 3318 759 3377 fortuna
788 3323 1133 3394 exspectare
1164 3317 1460 3392 voluisset,
1504 3329 1710 3384 natura
1744 3323 2111 3403 reposcebat.
2189 3324 2311 3386 Ad-

15 3399 21 3406 '
226 3402 457 3462 monuit
480 3419 575 3462 me
600 3401 781 3481 patris
809 3401 923 3466 mei
950 3403 1191 3477 mentio,
1233 3421 1405 3486 quam
1439 3407 1641 3470 timide
1671 3417 1729 3470 et
1755 3416 2114 3484 cunctanter,
2159 3427 2312 3491 quae

230 3485 543 3549 Cebalinus
569 3489 855 3552 detulerat
878 3489 951 3550 ad
978 3508 1091 3564 me,
1132 3491 1389 3554 indicare
1403 3494 1741 3574 debuerim.
1785 3495 2095 3557 Pannenio
2125 3497 2311 3572 enim,

230 3585 409 3646 quum
428 3575 707 3652 audisset,
722 3595 1015 3640 venenum
1035 3593 1069 3638 a
1087 3575 1360 3660 Philippo
1377 3581 1606 3644 medico
1627 3581 1752 3661 regi
1769 3582 1978 3662 parari,
1999 3582 2312 3646 deterrere
