2417 3900
530 74 699 145 ΑΛΒ.
743 73 833 137 Vl.
882 72 1037 155 (w.)
1083 74 1241 135 GAP.
1285 75 1380 137 vl.
1427 69 1672 133 1-23,
2025 69 2149 131 103

126 188 203 251 ria
228 206 389 271 quam
415 190 567 257 bello
593 211 726 253 esse
754 191 1101 270 quaesitum.
1159 194 1310 253 Tum
1334 192 1585 253 maxime
1611 190 1762 251 vinci
1785 190 1949 268 ipsos
1990 190 2158 253 dedi-
2180 189 2264 251 lo

126 293 226 355 que
250 276 446 338 alienis
480 278 746 341 moribus
773 287 831 338 et
866 278 1151 338 externis:
1168 308 1175 319 ·
1192 285 1386 337 tantae
1413 295 1616 338 morae
1641 276 1909 355 pretium,
1947 276 2159 339 domos

126 360 273 438 quasi
313 362 375 423 in
418 359 643 442 captivo
688 362 891 423 habitu
929 380 1294 431 reversuros.
1359 363 1588 423 Pudere
1627 360 1744 422 iam
1785 361 1910 434 sui;
1960 378 2162 439 regem
2205 357 2212 368 “

123 444 274 506 victis
321 466 497 527 quam
540 447 857 517 victoribus
905 446 1244 507 similiorem
1288 464 1359 506 ex
1396 446 1774 507 Macedoniae
1813 446 2164 524 imperatore

120 530 279 590 Darei
305 542 579 613 satrapen
607 534 841 595 factum.
886 532 991 593 Ille
1013 550 1137 593 non
1158 532 1414 610 ignaruS‚
1443 540 1501 591 et
1521 532 1818 613 principes
1847 531 2167 591 amicorum
2189 525 2267 589 11

121 624 173 676 et
198 617 509 678 exercitum
551 616 800 695 graviter
830 617 1063 692 offendi,
1106 616 1350 695 gratiam
1373 617 1716 679 liberalitate
1743 616 2036 695 donisque
2071 633 2170 676 re-

121 718 394 779 cuperare
428 703 705 764 tentabat.
766 704 900 779 Sed,
941 702 1171 783 opinor,
1215 702 1414 765 liberis
1453 702 1706 782 pretium
1743 700 2036 763 servitutis
2077 699 2172 762 in-
2235 704 2250 743 ·'

121 792 341 862 gratum
362 796 466 849 est.
524 787 705 866 Igitur
729 806 805 848 ne
827 788 888 849 in
916 788 1264 850 seditionem
1289 808 1388 849 res
1410 796 1752 861 verteretur,
1781 786 1964 849 otium
1989 787 2172 847 inter-
2197 791 2274 852 12

120 870 448 949 pellandum
474 882 597 935 erat
612 873 787 947 bello,
821 872 985 936 cuius
1014 874 1258 943 materia
1281 883 1619 953 opportune
1641 871 1922 935 alebatur.
1989 872 2172 934 Nam·
2195 874 2275 937 13

120 973 229 1033 que
250 956 461 1019 Bessus
482 967 642 1021 veste
667 960 825 1039 regia
849 968 1084 1039 sumpta
1106 962 1468 1023 Artaxerxen
1501 959 1781 1039 appellari
1807 977 1874 1019 se
1899 958 2172 1033 iusserat,

118 1040 471 1122 Scythasque
510 1053 567 1106 et
602 1054 833 1106 ceteros
858 1046 1085 1107 Tanais·
1102 1046 1332 1107 accolas
1363 1045 1764 1106 contrahebat.
1836 1045 1996 1105 Haec
2020 1042 2175 1103 Sati-

105 1124 386 1189 barzanes
429 1129 764 1205 nunciabat,
810 1149 986 1211 quem
1025 1140 1330 1209 receptum
1371 1130 1434 1191 in
1471 1131 1650 1190 fidem
1693 1129 1950 1207 regioni,
1998 1144 2177 1205 quam

116 1221 277 1272 antea
305 1212 656 1289 obtinuerat,
688 1216 987 1294 praefecit.
1046 1216 1123 1275 Et
1143 1234 1321 1293 quum
1345 1233 1519 1291 grave
1545 1213 1750 1292 spoliis
1773 1222 2177 1291 apparatuque
2198 1202 2282 1272 14

114 1296 369 1359 luxuriae
388 1318 603 1377 agmen
626 1298 724 1359 vix·
738 1308 1091 1371 moveretur,
1114 1318 1252 1361 suas
1273 1298 1549 1379 primum,
1571 1298 1786 1359 deinde
1804 1298 1982 1356 totius
2005 1312 2180 1357 exer-

116 1382 257 1443 citus
295 1386 559 1445 sarcinas
598 1384 854 1463 exceptis
890 1384 1206 1446 admodum
1241 1382 1591 1443 necessariis
1630 1381 1886 1443 conferri
1916 1380 2090 1442 iussit
2116 1380 2181 1443 in

112 1467 385 1529 medium.
449 1466 726 1529 Planities
754 1467 1011 1547 spatiosa
1036 1474 1177 1541 erat,
1215 1467 1276 1529 in
1309 1484 1483 1546 quam
1509 1466 1781 1528 vehicula
1808 1472 2018 1527 onusta
2043 1484 2180 1544 per·-
2203 1460 2284 1524 15

118 1550 421 1613 duxerant.
483 1552 974 1631 Exspectantibus
1012 1552 1258 1625 cunctiS,
1299 1552 1440 1633 quid
1478 1551 1693 1613 deinde
1731 1559 1890 1612 esset
1926 1550 2184 1629 impera-

116 1647 303 1710 turuS,
338 1636 595 1698 iumenta
618 1636 788 1699 iussit
811 1638 1040 1711 abduci,
1071 1638 1312 1717 suisque
1337 1636 1592 1717 primum
1617 1636 1862 1699 sarcinis
1887 1637 2014 1697 face
2037 1636 2184 1697 sub-

120 1722 240 1781 dita
264 1714 488 1783 ceteras
513 1722 745 1783 incendi
764 1723 1083 1803 praecepit.
1124 1723 1480 1802 Plagrabant
1501 1722 1886 1786 exurentibus
1905 1720 2181 1797 dominis,
2205 1710 2288 1777 16

122 1824 267 1885 quae
301 1814 366 1867 ut
402 1806 615 1869 intacta
656 1826 727 1869 ex
770 1809 1016 1871 urbibus
1058 1809 1318 1871 hostium
1356 1818 1652 1888 raperent,
1698 1826 1878 1888 saepe
1917 1809 2184 1871 flammas

116 1891 523 1967 restinxerant‚
568 1893 726 1956 nullo
774 1894 1075 1976 sanguinis
1098 1901 1107 1917 ⁸
1118 1896 1370 1976 pretium
1414 1896 1666 1958 audente
1707 1896 1954 1969 deflere,
2000 1910 2182 1974 quum

118 1978 305 2056 regias
332 1997 477 2058 opes
503 1979 661 2041 idem
686 1979 835 2059 ignis
867 1991 1155 2044 exureret.
1221 1981 1423 2044 Brevis
1451 1983 1666 2043 deinde
1690 1982 1878 2042 oratio
1903 1979 2188 2059 mitigavit
2208 1978 2291 2042 17

121 2064 398 2139 dolorem,
452 2065 793 2145 habilesque
832 2067 1069 2129 militiae
1116 2077 1174 2128 et
1216 2068 1292 2128 ad
1331 2067 1526 2132 omnia
1566 2065 1754 2146 parati
1793 2066 2186 2137 laetabantur,

122 2149 477 2211 sarcinarum
528 2150 725 2230 potius
769 2170 941 2230 quam
986 2151 1332 2231 disciplinae
1373 2151 1584 2212 fecisse
1623 2151 1926 2211 iacturam.
2006 2148 2189 2226 Igitur
2211 2145 2292 2210 18

119 2234 486 2297 Bactrianam
528 2234 830 2311 regionem
873 2235 1172 2314 petebant.

246 2320 363 2379 Sed
410 2318 693 2392 Nicanor,
735 2319 1143 2380 Parmenionis
1185 2317 1369 2389 filius,
1414 2316 1608 2376 subita
1650 2324 1842 2375 morte
1883 2320 2190 2391 correptus

118 2423 331 2484 magno
359 2402 660 2464 desiderio
685 2403 775 2464 sui
794 2405 1063 2465 affecerat
1087 2412 1348 2465 cunctos,
1394 2401 1520 2462 Rex
1545 2407 1679 2461 ante
1699 2417 1906 2462 omnes
1929 2406 2190 2460 maestus
2211 2397 2294 2461 10

120 2490 390 2570 cupiebat
416 2487 655 2571 quidem
693 2489 1016 2552 subsistere
1038 2488 1230 2551 funeri
1258 2488 1562 2560 affuturuS,
1605 2485 1709 2548 sed
1749 2484 1992 2565 penuria
2027 2502 2194 2546 com·-

118 2585 416 2639 meatuum
444 2574 728 2636 festinare
765 2575 1029 2654 cogebat.
1089 2575 1294 2653 Itaque
1321 2572 1578 2634 Philotas
1609 2589 1742 2634 cum
1778 2571 2013 2636 duobus
2038 2568 2193 2633 mili-

122 2660 232 2722 bus
262 2668 319 2722 et
344 2682 418 2723 nc
447 2659 710 2734 relictus,
748 2668 812 2721 ut
840 2661 990 2722 iusta
1014 2659 1177 2721 fratri
1206 2658 1593 2737 persolveret:
1634 2658 1764 2737 ipse
1790 2657 2093 2722 contendit
2115 2657 2192 2720 ad

126 2746 390 2809 Bessum.
457 2748 581 2809 Iter
610 2743 844 2806 facienti
878 2746 1077 2807 literae
1116 2745 1167 2805 ei
1200 2745 1521 2807 afferuntur
1559 2763 1592 2804 a
1629 2743 1889 2804 finitimis
1923 2751 2190 2824 satrapa·
2210 2739 2298 2802 20

122 2851 273 2907 rum,
318 2853 352 2894 e
380 2833 595 2914 quibus
628 2832 949 2911 cognoscit,
988 2832 1239 2892 Bessum
1267 2829 1503 2909 quidem
1537 2829 1733 2892 hostili
1761 2830 1955 2891 animo
1985 2847 2197 2892 occur-

128 2935 257 2978 rere
280 2937 412 2980 cum
437 2918 713 2993 exercitu,
739 2925 999 2980 ceterum
1018 2916 1476 2988 Satibarzanem,
1506 2934 1678 2994 quem
1705 2917 1998 2996 satrapem
2024 2915 2196 2978 Ario-

129 3021 257 3064 rum
279 3005 409 3085 ipse
431 3005 832 3085 praefecisset,
860 3004 1149 3065 defecisse
1172 3002 1245 3063 ab
1273 3020 1363 3062 eo.
1405 3000 1607 3080 Itaque
1635 3020 1984 3082 quamquam
2005 3001 2194 3062 Besso
2213 2999 2298 3061 21

130 3088 498 3164 imminebat,
551 3097 747 3150 tamen
799 3090 873 3151 ad
917 3089 1356 3152 Satibarzanem
1405 3085 1853 3167 opprimendum
1905 3082 2198 3168 praeverti

134 3175 416 3254 optimum
460 3181 625 3235 ratus
662 3175 849 3236 levem
892 3184 1245 3237 armaturam
1293 3181 1352 3234 et
1397 3181 1694 3250 equestres
1738 3175 1938 3253 copias
1963 3167 2196 3248 educit,

133 3267 369 3339 totaque
393 3267 569 3321 nocte
594 3267 833 3320 strenue
858 3262 1009 3321 facto
1033 3259 1244 3321 itinere
1268 3257 1622 3338 improvisus
1654 3260 1808 3320 hosti
1841 3251 2196 3336 supervenit.

136 3343 310 3407 Cuius
342 3343 579 3424 cognito
607 3344 857 3405 adventu
889 3345 1295 3408 Satibarzanes
1329 3364 1463 3408 cum
1501 3345 1732 3406 duobus
1769 3342 2002 3404 milibus
2029 3335 2196 3414 equi·
2214 3333 2298 3396 22
2369 3405 2384 3418 ³

136 3437 257 3491 tum
282 3432 425 3505 (nec
448 3429 648 3508 plures
668 3429 861 3490 subito
882 3431 1143 3492 contrahi
1166 3428 1472 3510 poterant)
1496 3430 1703 3490 Bactra
1727 3423 1994 3506 perfugit,
2019 3421 2197 3484 ceteri

137 3517 436 3594 proximos
491 3523 721 3574 montes
772 3524 1225 3594 occupaverunt.
1311 3516 1633 3594 Praerupta
1686 3527 1864 3588 rupes
1913 3515 2034 3582 est,
2083 3525 2200 3589 qua
2215 3501 2303 3565 23
