2417 3900
532 116 676 179 LIB.
718 112 1041 195 xt-.(v111)
1088 113 1662 179 CAP.11.1-16.
2013 120 2142 199 209

82 240 257 307 erant,
288 232 478 297 iussit.
532 234 607 295 Et
632 232 857 307 Graeci,
894 233 1053 295 haud
1090 234 1218 309 ausi
1242 234 1551 313 imperium
1582 236 1904 315 aspernari,
1941 256 2146 321 quam-
2166 238 2208 299 5

80 338 245 401 quam
268 321 683 382 solvendarum
717 318 913 397 legum
946 319 1008 378 id
1044 319 1398 399 principium
1433 338 1566 381 esse
1605 322 1946 397 censebant,
1989 324 2146 387 bona

79 424 321 487 quoque,
357 425 507 487 quae
538 412 855 478 exstarent,
890 403 1201 467 restituere
1238 406 1544 466 damnatis,
1599 407 1722 467 Soli
1741 408 2149 484 Athenienses,
2166 410 2207 469 6

74 510 195 553 non
217 508 357 553 suae
382 493 579 565 modo,
613 490 721 553 sed
740 488 915 551 etiam
939 490 1205 571 publicae
1235 490 1498 552 vindices
1527 491 1828 567 libertam,
1867 493 2152 555 colluvio-

72 596 209 639 nem
230 577 551 650 hominum,
578 576 710 659 quia
737 594 913 659 aegre
933 577 1220 651 ferebant,
1247 596 1367 640 non
1392 576 1556 655 regio
1581 578 1848 657 imperio,
1875 578 1980 639 sed
2005 578 2157 657 legi-

67 662 186 724 bus
211 662 591 741 moribusque
628 661 828 741 patriis
852 662 977 741 regi
1008 663 1247 737 assueti,
1289 662 1647 742 prohibuere
1681 664 1917 741 finibus,
1953 659 2211 725 omnia7

65 748 267 829 potius
291 746 619 821 toleraturi,
656 766 829 827 quam
856 758 1244 839 purgamenta
1279 748 1610 829 quondam
1618 735 1783 816 urbis
1808 767 1968 823 suae,
2008 758 2154 811 tune

66 835 249 895 etiam
280 833 449 916 exilii,
471 795 861 895 admitterent.

44 930 64 945 ‘
199 882 522 981 Alexander
554 918 890 983 senioribus
918 916 1213 982 militum
1195 938 1260 989 m
1291 920 1544 1001 patriam
1577 920 1840 984 remissis
1867 920 2210 985 tredecim8

64 1003 223 1067 milia
244 999 503 1083 peditum
541 1014 599 1066 et
626 1006 741 1067 duo
767 1006 921 1067 milia
946 1004 1230 1085 equitum,
1259 1024 1408 1085 quae
1427 1007 1492 1067 in
1515 1006 1654 1067 Asia
1677 1006 1974 1079 retineret,
2014 1006 2152 1085 eligi

58 1089 255 1163 iussit,
281 1090 637 1165 existimanS,
668 1093 901 1152 modico
930 1089 1189 1152 exercitu
1222 1092 1525 1153 continere
1553 1109 1736 1169 posse
1761 1092 1978 1165 Asiam,
2013 1090 2152 1169 quia

62 1175 331 1255 pluribus
368 1176 514 1237 locis
546 1176 839 1255 praesidia
870 1174 1288 1253 disposuisset3
1303 1194 1631 1254 nuperque
1657 1175 1921 1238 conditas
1947 1175 2148 1249 urbeS,

58 1279 211 1341 quas
236 1259 461 1321 colonis
490 1260 800 1339 replesset,
829 1277 924 1319 res
945 1277 1165 1320 novare
1194 1259 1567 1339 cupientibus
1591 1260 1827 1322 obstare
1847 1260 2150 1324 credebat.
2247 1321 2252 1325 ,

56 1346 355 1419 Ceterum,
385 1344 725 1426 priusquam
752 1352 1087 1405 secerneret
1116 1362 1264 1423 quos
1299 1353 1424 1405 erat
1459 1352 1821 1419 retenturus,
1855 1346 2050 1420 edixit,
2084 1352 2152 1409 ut
2169 1344 2206 1407 3

54 1449 271 1493 omnes
312 1431 525 1494 milites
558 1448 659 1493 aes
694 1430 947 1491 alienum
979 1430 1415 1515 profiterentur.
1474 1430 1658 1491 Grave
1683 1392 1980 1511 plerisque
2016 1448 2152 1493 esse

54 1525 453 1595 compererat,
482 1525 541 1578 et
562 1530 914 1597 quamquam
933 1516 1196 1595 ipsorum
1218 1514 1358 1577 luxu
1382 1523 1748 1577 contractum
1769 1524 1909 1591 erat,
1935 1517 2152 1580 dissol-

48 1620 203 1663 vere
236 1609 431 1666 tamen
465 1600 594 1680 ipse
620 1601 977 1663 decreverat.
1022 1600 1127 1673 Illi,
1160 1600 1372 1661 tentari
1409 1601 1576 1681 ipsos
1609 1600 1738 1675 rati,
1775 1620 1891 1680 quo
1918 1602 2146 1665 facilius
2169 1604 2247 1669 lt}

48 1688 125 1748 ab
165 1686 415 1765 integris
441 1694 822 1767 sumptuosos
860 1685 1240 1760 discerneret,
1272 1688 1620 1767 prolatando
1645 1687 2006 1767 aliquantum
2045 1706 2152 1749 ex-

46 1779 364 1837 traxerant
388 1772 690 1853 temporis.
745 1772 820 1833 Et
840 1790 943 1833 rex
969 1771 1111 1833 satis
1136 1787 1372 1851 gnarus,
1395 1774 1752 1854 professioni
1778 1774 1928 1835 aeris
1951 1774 2150 1873 pudo-

44 1874 207 1928 rem,
244 1874 363 1917 non
389 1857 811 1922 contumaciam
840 1858 1097 1932 obstare,
1130 1876 1369 1921 mensas
1393 1862 1531 1923 totis
1557 1860 1768 1923 castris
1791 1861 1938 1941 poni
1953 1860 2146 1937 iussit,

49 1953 106 2006 et
131 1942 348 2004 decem
367 1943 523 2005 milia
540 1946 823 2007 talentum
841 1945 1112 2025 proferri.
1156 1945 1304 2007 Tum
1327 1947 1564 2010 demum
1585 1949 1704 2008 fide
1721 1949 1871 2008 facta
1890 1947 2148 2028 professi
2168 1946 2247 2012 ll

48 2035 237 2101 sunt,
288 2047 401 2089 nec
436 2031 683 2109 amplius
721 2049 793 2091 ex
824 2038 984 2090 tanta
1029 2033 1278 2108 pecunia
1313 2051 1488 2110 quam
1535 2041 1770 2094 centum
1808 2042 1866 2092 et
1907 2033 2148 2111 triginta

48 2116 283 2176 talenta
306 2115 669 2191 superfuere.
712 2113 875 2173 Adeo
893 2113 991 2173 ille
1010 2115 1316 2187 exercitus,
1335 2125 1424 2178 tot
1445 2117 1864 2177 ditissimarum
1887 2118 2150 2194 gentium

46 2201 268 2268 victor,
291 2196 423 2275 plus
448 2205 642 2258 tamen
664 2196 939 2257 victoriae
965 2215 1139 2276 quam
1165 2201 1419 2276 praedae
1444 2199 1773 2280 deportavit
1802 2218 1874 2259 ex
1893 2200 2052 2261 Asia.

192 2281 469 2342 Ceterum
491 2291 556 2342 ut
579 2282 877 2360 cognitum
902 2290 1011 2354 est,
1033 2283 1177 2342 alios
1196 2284 1411 2344 remitti
1433 2285 1692 2359 domum,
1721 2283 1866 2346 alios
1886 2285 2146 2360 retineri,
2168 2282 2248 2347 12
2301 2345 2306 2348 .

44 2374 410 2450 perpetuam
446 2385 579 2429 eum
615 2367 784 2448 regni
817 2367 1066 2429 sedem
1049 2388 1129 2430 ιιι-
1143 2369 1278 2430 Asia
1313 2371 1648 2433 habiturum
1687 2369 1818 2444 rati,
1861 2371 2148 2434 vecordes

42 2465 99 2516 et
155 2451 511 2532 disciplinae
556 2453 818 2515 militaris
866 2453 1247 2516 immemores
1302 2455 1598 2520 seditiosis
1654 2455 1900 2518 vocibus
1955 2465 2148 2518 castra

43 2537 365 2638 complent
426 2558 743 2620 regemque
786 2539 1043 2602 ferocius
1086 2560 1259 2622 quam
1310 2542 1452 2604 alias
1489 2543 1680 2606 adorti
1723 2561 1931 2606 omnes
1969 2541 2149 2606 simul

38 2624 411 2688 missionem
436 2627 740 2724 postulare
768 2634 1109 2706 coeperunt,
1145 2628 1428 2692 deformia
1455 2648 1558 2692 ora
1591 2629 1954 2692 cicatricibus
1979 2629 2144 2692 cani-

40 2713 322 2786 tiemque
350 2711 603 2792 capitum
626 2721 1017 2777 ostentantes,
1054 2713 1180 2777 Nec·
1194 2727 1294 2777 aut
1312 2718 1742 2794 praefectorum
1763 2716 2142 2796 castigatione
2164 2716 2244 2781 13

38 2804 147 2857 aut
206 2799 560 2860 verecundia
596 2799 753 2880 regis
802 2798 1065 2863 deterriti
1108 2801 1464 2863 tumultuoso
1510 2804 1764 2865 clamore
1805 2811 1861 2864 et
1905 2803 2142 2868 militari

40 2881 335 2942 violentia
372 2883 662 2956 volentem
693 2886 856 2969 loqui
886 2885 1258 2962 inhibebant,
1293 2889 1488 2968 palam
1522 2889 1804 2969 professi,
1846 2900 2140 2972 nusquam

36 2967 195 3028 inde
230 2965 347 3028 nisi
376 2968 437 3029 in
470 2971 719 3050 patriam
755 2973 1062 3051 vestigium
1098 2991 1232 3035 esse
1265 2981 1550 3036 moturos.
1605 2976 1869 3036 Tandem
1905 2978 2136 3041 silentio
2161 2971 2243 3035 14

34 3055 235 3124 sacto,
264 3053 465 3132 magiS‚
494 3058 629 3135 quia
654 3067 877 3120 motum
903 3077 1035 3123 esse
1060 3059 1398 3142 credebant,
1429 3078 1602 3140 quam
1627 3062 1760 3140 quia
1782 3062 1895 3141 ipsi
1913 3061 2136 3124 moveri

32 3146 357 3238 poterant,
378 3139 656 3219 quidnam
677 3143 935 3206 dicturus
956 3137 1129 3221 esset,
1156 3147 1605 3226 exspectabant.
1647 3149 1769 3218 ille,
1799 3149 1950 3220 Quid
1969 3149 2134 3218 haec,
2159 3140 2238 3202 15

32 3223 282 3302 inquit,
316 3243 531 3303 repens
571 3231 967 3292 consternatio
1004 3240 1063 3292 et
1094 3241 1209 3296 tam
1234 3251 1455 3314 procax
1485 3242 1658 3313 atque
1687 3237 1872 3296 effusa
1885 3229 2138 3292 licentia

34 3307 468 3371 denunciat?
486 3311 695 3393 Eloqui
734 3325 959 3399 metuo:
1004 3318 1197 3395 palam
1225 3328 1384 3382 certe
1419 3320 1660 3399 rupistis
1691 3315 2030 3395 imperium,
2077 3323 2137 3378 et

32 3395 329 3478 precario
349 3413 454 3457 rex
472 3417 623 3476 sum,
655 3399 745 3461 cui
768 3418 889 3461 non
907 3399 1259 3481 alloquendi,
1279 3424 1403 3469 non
1431 3404 1717 3466 noscendi
1739 3401 2134 3480 monendique

32 3491 147 3544 aut
182 3480 462 3545 intuendi
493 3503 599 3548 vos
634 3485 725 3547 ius
750 3474 1086 3565 reliquistis,
1130 3487 1420 3568 Equidem
1447 3508 1626 3570 quum
1662 3487 1808 3546 alios
1842 3485 2134 3548 dimittere
2153 3485 2236 3546 16

32 3567 99 3630 in
136 3566 427 3646 patriam,
459 3569 603 3633 alios
640 3590 869 3634 mecum
903 3573 1099 3652 paullo
1132 3584 1274 3658 post
1305 3577 1621 3658 deportare
1651 3569 1974 3720 statperim,
2014 3581 2136 3636 tam

162 3665 236 3708 cn
242 3666 335 3708 retu
310 3680 381 3710 u.-
1795 3668 1829 3720 4
