2417 3900
526 132 669 193 LlB.
708 132 831 194 v11.
878 130 1003 213 (V.)
1050 132 1209 194 CAP.
1253 134 1356 196 m.
1401 130 1650 197 3-23,
1946 164 1952 179 ·
2005 128 2132 193 127

57 253 121 313 in
160 250 325 311 terris
358 250 483 312 suis
516 252 747 312 advena
771 251 899 311 viso
928 267 1111 328 quum
1144 258 1400 313 armatos
1434 262 1680 333 repente
1707 250 2134 330 conspicerent,

60 336 367 397 exanimati
396 345 575 410 metu,
615 335 899 415 quidquid
924 335 987 395 in
1008 334 1254 413 tuguriis
1285 345 1426 411 erat,
1451 340 1788 412 afferebant,
1829 344 1898 398 nt
1923 342 2134 417 corpo·

54 424 219 483 ribus
248 422 515 501 ipsorum
546 427 909 501 parceretur,
946 429 1205 481 orantes.
1259 420 1384 483 Rex
1413 440 1622 502 agmen
1655 422 2000 486 circumibat
2025 440 2136 501 pe-
2158 416 2234 479 17

54 510 177 583 des,
202 508 466 569 iacentes
490 507 779 587 quosdam
806 506 1037 584 erigens
1062 514 1123 567 et
1142 506 1308 580 alios,
1335 526 1512 588 quum
1533 529 1706 589 aegre
1729 514 2136 589 sequerentur,

51 592 411 656 adminiculo
442 592 707 672 corporis
734 591 824 653 sui
849 591 1163 672 excipiens,
1233 593 1406 654 Nunc
1429 596 1502 655 ad
1539 597 1727 674 prima
1751 596 1939 675 signa,
1978 610 2140 653 nunc

44 681 103 742 in
140 678 433 751 medium,
476 696 639 739 nunc
670 678 733 739 in
762 676 961 739 ultimo
995 679 1230 756 agmine
1258 678 1486 741 itineris
1525 676 1904 761 multiplicato
1935 678 2140 740 labore

42 767 280 828 aderat.
343 764 609 825 Tandem
636 764 709 825 ad
742 764 869 825 loca
896 764 1136 827 cultiora
1162 775 1514 845 perventum
1541 776 1650 842 est,
1694 772 2140 843 commeatuque
2159 756 2240 817 18

36 853 223 930 largo
248 857 548 911 recreatus
574 850 891 912 exercitus:
928 849 1103 913 simul
1126 851 1310 931 etqui
1337 853 1617 933 consequi
1653 872 1774 915 non
1803 860 2134 933 potuerant,

37 939 107 999 in
134 936 235 999 illa
261 944 453 998 castra
476 944 779 998 venerunt.

176 1022 325 1084 Inde
352 1040 561 1101 agmen
590 1021 881 1101 processit
906 1021 980 1081 ad
1007 1020 1332 1083 Caucasum
1369 1032 1650 1100 montem,
1693 1023 1858 1086 cuius
1884 1023 2130 1084 dorsum
2156 1013 2236 1075 19

42 1108 243 1169 Asiam
282 1116 573 1189 perpetuo
605 1108 745 1187 iugo
782 1106 1017 1169 dividit:
1061 1105 1200 1167 hinc
1237 1108 1411 1170 simul
1447 1128 1629 1183 mare,
1673 1109 1836 1189 quod
1876 1107 2134 1169 Ciliciam

44 1194 222 1267 subit,
268 1194 429 1255 illinc
450 1194 727 1273 Caspium
752 1196 969 1255 fretum
1004 1200 1061 1251 et
1086 1210 1320 1253 amnem
1345 1195 1594 1255 Araxem
1619 1194 1850 1272 aliaque
1875 1191 2136 1269 regionis

44 1279 317 1361 Scythiae
346 1280 587 1341 deserta
614 1286 861 1358 spectat.
904 1276 1151 1348 Taurus,
1176 1278 1474 1338 secundae
1495 1276 1918 1355 magnitudinis
1941 1266 2242 1349 mons,‚20

44 1366 429 1429 committitur
450 1366 743 1438 Caucas03
766 1382 797 1423 a
820 1361 1188 1441 Cappadocia
1208 1380 1274 1421 se
1293 1362 1562 1423 attollens
1583 1362 1840 1423 Ciliciam
1862 1361 2140 1441 praeterit

42 1451 477 1529 Armeniaeque
502 1447 806 1509 montibus
824 1446 1099 1524 iungitur.
1146 1446 1246 1506 Sic
1265 1445 1420 1507 inter
1439 1466 1504 1507 se
1532 1456 1620 1509 tot
1642 1447 1780 1527 iuga.
1800 1448 1957 1509 velut
1983 1447 2136 1508 serie
2155 1444 2237 1505 21

42 1534 424 1599 cohaerentia
468 1541 827 1613 perpetuum
866 1532 1085 1593 babent
1130 1533 1402 1603 dorsum,
1451 1550 1521 1592 ex
1565 1550 1680 1612 quo
1725 1532 1898 1593 Asiae
1939 1533 2138 1593 omnia

38 1624 167 1683 fere
195 1620 463 1691 flumina,
504 1618 612 1680 alia
638 1618 699 1679 in
720 1618 985 1691 rubrum,
1028 1617 1135 1679 alia
1160 1617 1220 1680 in
1247 1617 1522 1696 Caspium
1546 1636 1726 1691 mare,
1764 1618 1874 1679 alia
1896 1616 1958 1679 in
1983 1618 2138 1697 Hyr-

40 1708 284 1769 canium
310 1714 373 1766 et
405 1704 713 1766 Ponticum
742 1703 1037 1765 decidunt.
1104 1703 1342 1783 Septem
1371 1713 1430 1765 et
1454 1705 1660 1765 decem
1690 1704 1913 1765 dierum
1941 1699 2240 1785 spatio22

19 1794 378 1869 {Caucasum
406 1790 704 1871 superavit
726 1789 1031 1851 exercitus·
1092 1789 1296 1870 Rupes
1329 1789 1390 1851 in
1423 1808 1494 1850 eo
1519 1810 1556 1853 x
1585 1790 1650 1851 in
1679 1789 1922 1853 circuitu
1945 1789 2136 1852 stadia

19 1872 475 1958 Pcomplectitur,
526 1886 797 1957 quattuor
833 1877 893 1937 in
934 1875 1297 1939 altitudinem
1335 1876 1576 1950 excedit,
1625 1877 1706 1937 in·
1725 1895 1838 1958 qua
1871 1876 2134 1938 vinctum

39 1963 397 2026 Promethea
418 1963 597 2026 fuisse
616 1963 927 2044 antiquitas
948 1963 1140 2026 tradit.
1178 1963 1540 2025 Condendae
1558 1963 1618 2025 in
1639 1964 1938 2026 radicibus
1957 1982 2136 2026 mon-
2150 1955 2236 2020 23

40 2050 113 2111 tis
141 2048 282 2112 urbi
306 2049 479 2110 sedes
504 2051 687 2110 electa
712 2059 819 2111 est.
880 2050 1122 2128 Septem
1148 2049 1384 2110 milibus
1413 2050 1713 2112 seniorum
1742 2050 2136 2112 Macedenum

42 2144 95 2195 et
120 2143 433 2215 praeterea
456 2134 757 2208 militibus,
789 2153 1036 2214 quorum
1066 2138 1246 2212 opera
1273 2133 1356 2194 uti
1381 2133 1649 2204 desisset,
1691 2135 2050 2211 permissum
2073 2134 2136 2196 in

42 2239 262 2282 novam
286 2221 493 2280 urbem
522 2221 853 2282 considere.
896 2219 1063 2280 Hanc
1080 2235 1320 2296 quoque
1347 2217 1752 2278 Alexandriam
1775 2217 2002 2278 incolae
2025 2235 2134 2295 ap-

78 2308 429 2370 ellaverunt.

40 2325 75 2384 p
170 2393 223 2452 C
241 2409 345 2470 ap.
369 2390 465 2451 IV.
509 2388 583 2450 At
609 2387 827 2448 Bessus
848 2383 1160 2446 Alexandri
1188 2381 1482 2446 celeritate
1511 2383 1856 2462 perterritus
1891 2383 2002 2446 diis
2025 2401 2134 2463 pa·
2151 2385 2191 2446 1

44 2478 163 2538 triis
194 2476 489 2538 sacrificio
511 2474 620 2535 rite
652 2473 825 2545 sacto,
855 2473 1005 2534 sicut
1030 2470 1141 2531 illis
1167 2469 1444 2549 gentibus
1467 2485 1598 2530 mos
1629 2478 1736 2540 est,
1771 2487 1902 2533 cum
1931 2469 2134 2532 amicis
2207 2537 2210 2542 ,

46 2564 417 2641 ducibusque
446 2559 746 2640 copiarum
774 2558 931 2620 inter
957 2557 1162 2636 epulas
1189 2559 1264 2618 de
1294 2556 1450 2617 bello
1475 2555 1864 2619 consultabat.
1909 2555 2132 2619 Graves
2150 2557 2192 2618 2

44 2667 213 2710 mero
244 2667 379 2710 suas
408 2648 561 2710 vires
586 2645 887 2718 extollere,
910 2642 1166 2705 hostium
1190 2661 1352 2704 nunc
1372 2641 1774 2718 temeritatem,
1801 2657 1962 2706 nunc
1981 2662 2130 2723 pau-

46 2735 283 2798 citatem
310 2751 593 2814 spernere
627 2731 929 2811 incipiunt.
999 2728 1318 2809 Praecipue
1345 2729 1590 2800 BessuS,
1637 2731 1802 2807 ferox
1844 2730 2040 2815 verbis
2069 2730 2190 2794 et3

44 2829 220 2898 parto
256 2839 364 2900 per
394 2820 589 2883 scelus
623 2836 809 2897 regno
850 2816 1145 2897 superbus
1176 2833 1248 2876 ac
1283 2815 1378 2878 vix
1417 2813 1628 2896 potens
1654 2815 1885 2891 mentis,
1934 2816 2130 2882 dicere

49 2907 307 2980 orditur,
352 2904 627 2968 socordia
666 2903 838 2966 Darei
881 2901 1139 2966 crevisse
1177 2901 1433 2963 hostium
1477 2903 1710 2964 famam.
1781 2902 2128 2970 Occurrisse
2146 2905 2190 2964 4

48 2993 201 3054 euim
228 2992 291 3054 in
310 2991 541 3056 Ciliciae
563 2990 991 3070 angustissimis
1016 2986 1302 3061 faucibus,
1329 3005 1506 3068 quum
1529 2989 1958 3052 retrocedendo
1983 3011 2130 3070 pos-

48 3087 137 3140 set
160 3078 491 3158 perducere
515 3078 782 3140 incautos
802 3078 865 3138 in
887 3078 1017 3138 loca
1038 3080 1286 3138 naturae
1307 3073 1422 3137 situ
1452 3073 1628 3148 invia,
1673 3083 1762 3138 tot
1787 3077 2128 3140 fluminibus

48 3164 317 3240 obiectis,
349 3173 437 3226 tot
457 3163 742 3227 montium
768 3163 1027 3237 latebris,
1054 3160 1210 3222 inter
1237 3178 1383 3241 quas
1412 3161 1818 3241 deprehensus
1839 3164 2024 3226 bostis
2050 3177 2128 3220 ne

50 3251 221 3330 fugae
260 3251 517 3331 quidem,
561 3248 781 3312 nedum
827 3245 1141 3310 resistendi
1175 3248 1549 3310 occasionem
1585 3249 1759 3313 fuerit
1797 3247 2124 3310 habiturus.

53 3337 170 3398 Sibi
195 3337 429 3416 placere
450 3337 513 3397 in
535 3334 865 3414 Sogdianos
888 3333 1185 3409 recedere,
1234 3334 1424 3398 Oxum
1451 3351 1682 3398 amnem
1712 3336 1870 3395 velut
1893 3347 2122 3400 murum
2143 3332 2184 3393 5

56 3423 419 3486 obiecturum
443 3421 621 3495 hosti,
662 3421 803 3483 dum
837 3438 909 3483 ex
932 3420 1189 3484 finitimis
1221 3421 1496 3501 gentibus
1520 3422 1707 3485 valida
1743 3417 1949 3482 auxilia
1979 3433 2124 3478 eon-

59 3518 379 3574 currerent.
452 3508 749 3570 Venturos
782 3516 977 3570 autem
1016 3507 1391 3572 Chorasmios
1429 3516 1488 3570 et
1515 3507 1709 3570 Dahas
1735 3506 2028 3580 Sacasque
2065 3502 2185 3566 etti

58 3595 235 3660 lndos
270 3605 331 3662 et
363 3596 513 3660 ultra
538 3595 781 3660 Tanaim
804 3613 1038 3660 amnem
1060 3595 1320 3660 colentes
1350 3593 1616 3674 Scythas,
1657 3605 1906 3668 quorum
1935 3589 2126 3652 nemi-
