2417 3900
1712 19 1725 54 i

551 52 1644 182 Lm.v.(1n.)cit=.1v.s-31.
1768 101 1781 120 “
1888 135 1894 138 -
2031 101 2121 166 77

22 225 24 242 ³
61 221 304 290 militem
334 220 583 284 iusserat
608 223 814 286 leviter
841 231 1148 283 armatum.
1201 225 1321 286 Sed
1357 232 1592 306 praeter
1618 223 1804 286 invias
1834 239 2013 306 rupes
2048 239 2118 284 ac
2138 219 2220 284 18

61 313 374 392 praerupta
405 325 542 370 saxa
575 309 883 385 vestigium
913 306 1168 367 subinde
1201 309 1453 370 fallentia
1487 311 1587 372 nix
1613 309 1907 372 cumulata
1942 317 2115 369 vento

63 393 458 471 ingredientes
491 392 796 471 fatigabat:
825 390 1047 471 quippe
1064 392 1305 454 velutin
1340 395 1535 456 foveas
1562 394 1735 457 delati
1764 393 2122 456 haurieban-

61 488 178 552 tur,
212 487 276 539 >et
310 495 494 556 quum
523 496 560 538 a
595 476 1091 538 commilitonibus
1135 477 1537 554 allevarentur,
1574 479 1889 544 trahebant
1933 477 2123 556 magis

59 566 402 628 adiuvantes
433 580 612 639 quam
647 563 1063 642 sequebantur.
1108 563 1239 624 Nox
1262 581 1495 644 quoque
1536 575 1593 626 et
1630 566 1827 643 ignota
1864 562 2031 644 regio
2059 581 2129 624 ac
2148 567 2227 631 19

61 650 200 721 dux,
227 649 516 712 incertum
545 665 620 708 an
645 647 786 708 satis
807 648 982 722 fidus,
1009 647 1475 729 multiplicabant
1498 657 1743 710 metum:
1770 650 1821 711 si
1847 647 2129 711 custodes

59 733 383 806 fefellisset,
405 733 570 811 quasi
596 733 749 794 feras
769 733 986 805 bestias
1009 733 1172 814 ipsos
1197 753 1381 814 posse
1408 735 1793 814 deprehendi.
1836 735 1924 796 Ex
1948 731 2125 796 unius

51 817 296 896 captivi,
321 817 412 880 vel
447 819 566 879 fide
604 819 696 880 vel
731 819 924 880 anima
957 819 1241 900 pendere
1264 829 1323 882 et
1358 820 1518 900 regis
1562 821 1809 882 salutem
1842 829 1900 881 et
1937 837 2125 884 suam.

53 902 333 965 Tandem
357 920 569 966 venere
587 904 650 966 in
671 904 893 984 iugum.
933 907 982 967 A
1001 905 1202 968 dextra
1228 905 1340 969 iter
1362 906 1437 967 ad
1454 907 1649 986 ipsum
1671 905 2127 968 Ariobarzanem
2144 903 2229 968 20

57 995 224 1048 erat:
254 987 350 1048 hic
371 988 660 1052 Philotam
681 997 741 1050 et
761 991 1007 1054 Coenon
1031 1009 1166 1052 cum
1195 995 1444 1071 Amynta
1473 1000 1531 1054 et
1549 993 1995 1072 Polyperconte,
2024 1009 2128 1051 ex·

64 1069 321 1152 peditam
343 1074 628 1137 habentes
650 1093 908 1151 manum,
932 1075 1225 1156 relinquit,
1244 1077 1522 1151 monitos,
1547 1086 1633 1151 ut,
1653 1078 1789 1156 quia
1816 1093 1998 1154 eques
2020 1092 2131 1153 pe—

67 1157 176 1219 diti
197 1166 318 1220 erat
343 1159 578 1233 mixtus,
605 1179 722 1238 qua
745 1160 1195 1240 pinguissimum
1223 1171 1381 1223 esset
1406 1163 1595 1223 solum
1618 1169 1678 1222 et
1696 1161 1899 1240 pabuli
1920 1159 2129 1231 fertile,

63 1242 286 1306 sensim
319 1245 742 1323 procederent:
786 1246 968 1306 duces
999 1245 1227 1306 itineris
1259 1245 1333 1306 de
1362 1246 1603 1326 captivis
1638 1245 1778 1306 dati.
1833 1245 1973 1322 lpse
1999 1260 2131 1303 cum
2151 1249 2233 1312 21

60 1329 366 1406 armigeris
385 1337 444 1391 et
461 1331 570 1404 ala,
589 1347 772 1407 quam
789 1345 996 1406 agema
1013 1330 1405 1406 appellabant,
1424 1331 1608 1392 ardua
1627 1328 1853 1402 semita,
1876 1327 1983 1388 sed
2002 1327 2134 1388 lon-

41 1415 199 1494 gius
222 1431 258 1474 a
275 1413 630 1477 stationibus
653 1413 912 1474 hostium
933 1415 1178 1485 remota,
1202 1415 1385 1474 multa
1410 1431 1541 1474 cum
1564 1414 1865 1474 vexatione
1888 1429 2136 1492 proces-

49 1502 164 1575 ·sit.
213 1498 444 1562 Medius
475 1507 602 1560 erat
633 1498 760 1558 dies
786 1507 844 1560 et
869 1497 1121 1575 fatigatis
1147 1497 1483 1559 necessaria
1518 1497 1719 1577 quies:
1757 1497 1975 1578 quippe
2004 1503 2137 1557 tan·
2155 1503 2236 1562 22

57 1585 314 1648 tundem
343 1583 568 1646 itineris
605 1591 938 1662 supererat,
985 1591 1265 1662 quantum
1301 1582 1527 1644 >emensi
1565 1590 1749 1656 erant,
1795 1583 1903 1644 sed
1941 1580 2167 1642 minus-

52 1666 414 1754 praecipitis
441 1677 618 1748 atque
641 1668 824 1733 ardui.
868 1669 1072 1749 Itaque
1091 1668 1323 1730 refectis
1344 1669 1477 1730 cibo
1500 1687 1829 1748 somnoque
1852 1667 2135 1730 militibus
2154 1669 2237 1734 23

49 1752 336 1818 secunda
369 1753 560 1832 vigilia
587 1755 790 1832 surgit.
841 1755 916 1816 Et
950 1762 1144 1816 cetera
1181 1755 1417 1834 quidem
1448 1755 1608 1817 baud
1635 1773 1809 1833 aegre
1836 1753 2135 1833 praeterit.

59 1843 364 1910 Ceterum,
393 1857 507 1918 qua
531 1858 598 1902 se
623 1839 825 1918 iugum
845 1840 1130 1903 montium
1153 1841 1453 1920 paullatim
1477 1842 1555 1902 ad
1578 1841 1841 1921 planiora
1864 1839 2135 1914 demittit,

57 1926 284 2009 ingens
306 1942 520 2005 vorago
547 1943 838 1989 concursu
863 1933 1065 1989 cavata·
1085 1927 1433 1989 torrentium
1464 1927 1579 1991 iter
1601 1933 1860 2007 ruperat.
1904 1925 1993 1987 Ad
2019 1925 2139 1987 hoc
2154 1925 2241 1988 24

62 2008 350 2073 arborum
383 2012 532 2075 rami
555 2012 704 2074 alius
727 2012 840 2074 alio
873 2012 1154 2092 implicati
1183 2020 1246 2073 et
1280 2014 1667 2075 cohaerentes
1690 2022 1757 2073 ut
1786 2020 2137 2091 perpetuam

64 2094 416 2162 obiecerant
435 2114 660 2176 sepem.
684 2097 1030 2175 Desperatio
1053 2096 1229 2173 igitur
1250 2096 1481 2175 ingens»,
1504 2098 1655 2157 adeo
1682 2104 1748 2156 ut
1768 2096 1867 2155 vix
1886 2093 2141 2157 lacrimis

61 2179 458 2253 abstinerent,
483 2182 850 2243 incesserat:
872 2180 1200 2257 Praecipue
1222 2180 1549 2241 obscuritas
1578 2178 1791 2240 terrori
1820 2186 1973 2237 erat:
2002 2193 2144 2237 nam
2160 2186 2245 2247 25

69 2263 312 2327 etiamsi
337 2282 452 2343 qua
481 2263 676 2326 sidera
703 2263 1137 2336 internitebant,
1163 2263 1487 2327 continenti
1516 2264 1731 2326 fronde
1752 2270 1943 2323 tectae
1966 2260 2147 2321 arbo-

67 2369 173 2413 res
195 2347 544 2427 conspicere
567 2348 980 2427 prohibebant.
1023 2348 1112 2409 Ne
1134 2347 1367 2409 aurium
1392 2348 1627 2427 quidem
1649 2364 1794 2409 usus
1818 2353 2163 2426 supererat,-

67 2436 258 2499 silvas
277 2432 578 2516 quatiente
595 2440 792 2506 vento,
813 2450 964 2512 quae
987 2432 1457 2495 concutientibus
1472 2432 1651 2495 ramis
1668 2431 1951 2494 maiorem
1968 2446 2146 2513 quam

71 2539 189 2603 pro
217 2520 360 2579 flatu
395 2538 610 2585 sonum
641 2518 912 2581 edebant.
956 2518 1225 2581 Tandem
1260 2527 1595 2598 exspectata
1618 2520 1719 2582 lux
1742 2519 1957 2593 omnia,
1992 2534 2145 2601 quae
2162 2524 2247 2588 26

73 2603 438 2668 terribiliora
469 2623 592 2667 nox
621 2604 857 2679 fecerat,
891 2602 1126 2667 minuit:
1171 2604 1463 2667 circumiri
1494 2604 1657 2669 brevi
1690 2605 1882 2685 spatio
1914 2612 2147 2687 poterat

74 2688 326 2764 eluvies,
353 2698 412 2751 et
433 2689 547 2751 sibi
573 2689 820 2770 quisque
841 2690 963 2751 dux
984 2689 1210 2753 itineris
1236 2698 1513 2771 coeperat
1531 2690 1681 2753 lieri.

209 2772 483 2838 Evadunt
521 2793 663 2855 ergo
695 2774 757 2837 in
793 2775 1016 2839 editum
1041 2775 1335 2849 verticem,
1374 2795 1447 2839 ex
1468 2796 1584 2857 quo
1606 2774 1867 2839 hostium
1892 2773 2147 2837 statione
2162 2778 2247 2843 27

75 2868 404 2941 conspecta
423 2868 660 2924 strenue
682 2863 889 2923 armati
905 2878 940 2923 a
958 2870 1124 2941 tergo
1145 2879 1213 2921 se
1230 2863 1556 2931 ostendunt
1572 2862 1718 2926 nihil
1730 2860 1849 2925 tale
1870 2868 2147 2923 metuen-
2206 2905 2213 2909 -

74 2945 260 3019 tibus,
295 2965 544 3025 quorum
575 2946 762 3027 pauci,
799 2947 900 3028 qui
935 2946 1217 3026 congredi
1247 2947 1375 3010 ausi
1400 2956 1587 3023 erant,
1620 2947 1777 3009 caesi
1806 2954 1965 3009 sunt.
2027 2946 2149 3009 lta-
2162 2948 2248 3011 28

73 3039 200 3112 'que
229 3031 372 3094 hinc
395 3031 766 3096 morientium
791 3033 1060 3113 gernum,
1092 3032 1235 3095 hinc
1253 3034 1329 3095 ad
1354 3050 1497 3101 suos
1516 3032 1942 3097 recurrentium
1968 3031 2149 3094 mise-

76 3116 288 3179 rabilis
305 3116 484 3180 facies
505 3117 766 3198 integros
789 3138 1041 3199 quoque,
1057 3126 1371 3198 antequam
1392 3121 1707 3184 discrimen
1728 3118 2147 3198 experirentur,

75 3202 142 3264 in
169 3204 372 3282 sugam
398 3203 623 3266 avertit.
667 3202 926 3267 Fremitu
953 3202 1168 3282 deinde
1189 3203 1255 3274 in
1284 3216 1494 3281 eastra,
1520 3210 1657 3286 quis
1680 3207 1950 3269 Craterus
1972 3196 2151 3279 prae-
2166 3198 2247 3261 29

79 3286 343 3361 sidebat,
374 3288 533 3351 illato
555 3288 632 3351 ad
654 3290 1030 3367 occupandas
1051 3290 1367 3371 angustias,
1398 3290 1463 3355 in
1524 3292 1701 3357 uibus
1725 3288 1917 3373 pridie
1939 3288 2160 3347 haese-
2214 3296 2219 3303 ·

78 3382 239 3447 rant,
267 3374 442 3435 miles
472 3374 754 3437 educitur.
781 3372 966 3437 Simul
991 3385 1048 3437 et
1062 3376 1323 3453 Philotas
1345 3312 1913 3458 cumff’olyperconte
1932 3370 2151 3448 Amyn*-
2165 3366 2253 3431 30

81 3466 270 3540 taque
301 3467 364 3521 et
383 3458 585 3523 Coeno
612 3459 906 3533 diversum
935 3458 1048 3523 iter
1071 3461 1301 3542 ingredi
1324 3460 1521 3525 iussus
1544 3464 1722 3525 alium
1748 3468 2033 3523 terrorem
2058 3453 2158 3515 in·-

81 3544 226 3608 tulit
269 3544 559 3611 barbaris.
657 3542 930 3635 Undique
980 3564 1118 3628 ergo
1155 3547 1539 3611 Macedonum·
1584 3548 1761 3609 armis
1797 3538 2252 3615 fulgentibusal
