2417 3900
206 48 332 125 106
682 46 780 110 DE
827 45 1093 107 GESTIS
1137 44 1571 107 ALEXANDRI
1612 42 1855 105 MAGNI

205 166 418 231 Adiicit
459 164 552 225 his
597 164 1004 247 Aphobetum,
1066 164 1338 240 laecum,
1396 164 1755 237 Diorenum,
1817 157 2202 239 Archepolim
2249 165 2307 221 et

210 256 320 317 Am
357 259 538 313 ntam.

110 338 191 403 16
315 273 426 399 yAb
450 337 566 397 boc
587 354 864 399 sermone
891 334 1170 399 dimissus
1193 332 1589 397 Nicomachus
1614 332 1692 393 ad
1715 309 1994 405 fratrem,
2014 329 2307 391 Cebalino

212 434 337 487 erat
361 422 600 497 nomen,
625 440 774 505 quae
801 429 1124 522 acceperat,
1153 420 1361 483 defert.
1425 420 1642 492 Placet,
1671 418 1865 497 ipsum
1886 376 2267 479 subsistere
2248 435 2310 477 111

213 511 612 583 tabernaculo,
639 527 737 584 ne,
775 509 828 571 si
850 510 1074 590 regiam
1097 508 1398 580 intrasset,
1430 524 1565 570 ιιοιι
1591 512 1862 565 assuetus
1890 501 2057 564 adire
2080 520 2309 581 regem,

114 596 193 658 17
213 594 500 659 coniurati
541 594 810 675 proditos
851 614 918 657 se
959 613 1092 657 esse
1135 592 1550 655 resciscerent.
1630 591 1767 671 lpse
1810 589 2129 651 Cebalinus
2174 599 2311 650 ante

214 682 566 745 vestibulum
592 681 809 763 regiae,
849 699 1048 761 neque
1085 678 1246 741 enim
1273 677 1521 760 propius
1544 677 1739 739 aditus
1772 675 1826 735 ei
1857 675 2118 757 patebat,
2163 694 2310 737 con-

213 769 384 842 sistit,
413 767 730 847 opperiens
754 766 1006 848 aliquem
1028 765 1353 829 amicorum
1378 782 1449 824 ex
1471 764 1661 844 prima
1682 763 1947 835 cohorte,
1975 780 2095 841 quo
2120 761 2311 823 intro-

114 849 194 911 18
215 856 534 917 duceretur
559 854 634 913 ad
660 872 884 933 regem.
945 854 1125 915 Forte
1149 850 1367 914 ceteris
1387 849 1650 912 dimissis
1678 867 1832 911 unus
1858 847 2144 923 Philotas,
2165 848 2311 911 Par-

92 936 106 948 '
213 938 507 1001 menienis
531 939 706 1036 filius,
730 939 1021 1002 incertum
1047 955 1225 1018 quam
1249 937 1329 999 ob
1357 954 1649 1011 caussam,
1676 934 2060 997 substiterat
2042 953 2102 995 ιιι
2126 935 2312 1013 regia.

215 1025 367 1089 Huic
396 1016 710 1087 Cebalinus
746 1044 850 1090 ore
885 1027 1135 1087 confuso
1171 1040 1421 1103 magnae
1458 1021 1919 1119 perturbationis
1954 1030 2118 1083 notas
2154 1038 2310 1117 prae

217 1131 284 1173 se
306 1114 503 1172 ferens
529 1112 737 1190 aperit,
779 1130 929 1192 quae
957 1129 1029 1172 ex
1050 1112 1229 1172 fratre
1254 1116 1645 1189 compererat,
1684 1112 1743 1169 et
1768 1107 1898 1169 sine
1934 1106 2313 1169 cunctatione

117 1204 196 1265 19
219 1196 486 1259 nunciari
522 1196 648 1275 regi
682 1196 866 1261 iubet.
934 1197 1196 1261 Philetas
1240 1195 1571 1258 collaudato
1606 1213 1677 1255 eo
1716 1194 1985 1274 protinus
2016 1193 2193 1254 intrat
2216 1176 2308 1253 ad

219 1283 638 1357 Alexandrum,
679 1285 982 1363 multoque
1017 1282 1271 1345 invicem
1305 1282 1381 1343 de
1416 1280 1544 1344 aliis
1576 1281 1755 1341 rebus
1797 1288 2153 1377 consumpto
2186 1298 2313 1340 ser-

116 1374 200 1437 20
222 1386 402 1432 mone
425 1369 571 1431 nihil
596 1388 822 1445 eorum,
865 1388 1016 1450 quae
1043 1388 1116 1430 ex
1137 1368 1419 1431 Cebalino
1446 1375 1821 1447 cognoverat,
1858 1366 2118 1428 nunciat.
2192 1364 2312 1427 Sub

220 1474 534 1537 vesperam
570 1474 706 1519 eum
747 1457 1142 1536 prodeuntem
1165 1455 1231 1517 in
1264 1454 1556 1517 vestibulo
1592 1452 1791 1532 regiae
1818 1452 2032 1534 excipit
2068 1451 2311 1523 iuveniS,

221 1561 300 1605 an
317 1542 662 1605 mandatum
684 1552 1045 1623 exsequutus
1069 1544 1225 1604 foret
1244 1539 1575 1622 requirens.
1637 1539 1758 1615 Ille,
1782 1558 1905 1601 non
1922 1557 2170 1601 vacasse
2193 1556 2312 1600 ser-

53 1698 63 1704 ,
118 1630 193 1691 2]
223 1630 388 1691 moni
415 1649 524 1690 suo
552 1647 752 1708 regem
781 1637 1106 1702 caussatus,
1137 1626 1427 1689 discessit.
1469 1628 1717 1690 Postero
1746 1626 1843 1686 die
1870 1626 2190 1689 Cebalinus
2214 1642 2311 1685 ve-

223 1715 410 1780 nienti
435 1714 497 1775 in
525 1714 746 1793 regiam
773 1723 1012 1813 praesto
1042 1724 1134 1775 est
1153 1712 1597 1794 intrantemque
1626 1713 1906 1774 admonet
1938 1712 2132 1793 pridie
2159 1730 2313 1775 com·
2393 1778 2395 1801 s

129 1816 134 1825 ·
225 1800 560 1861 manicatae
587 1818 719 1861 cum
745 1798 880 1880 ipso
904 1800 1010 1862 rei.
1077 1799 1184 1863 llle
1226 1817 1399 1861 curae
1424 1798 1539 1861 sibi
1576 1816 1708 1861 esse
1742 1800 2103 1878 respondet·
2147 1817 2217 1859 ac
2236 1816 2311 1858 ne
2393 1852 2394 1881 ἢ

122 1884 206 1947 22
225 1894 350 1947 ιιιιιι
379 1884 618 1965 quidem
641 1886 786 1966 regi,
813 1904 966 1969 quae
988 1885 1275 1960 audierat,
1304 1885 1509 1966 aperit.
1556 1885 1851 1968 Coeperat
1871 1885 2153 1949 Cebalino
2180 1902 2311 1945 esse

229 1980 560 2052 suspectus.
624 1973 830 2053 Itaque
851 1991 978 2034 ιιοιι
1007 1973 1158 2036 ultra
1179 1972 1677 2053 interpellandum
1701 1980 1863 2034 ratus
1894 1972 2122 2035 nobili
2102 1970 2312 2043 iuveni,

229 2059 462 2120 Metron
481 2066 608 2120 erat
629 2059 680 2120 ei
699 2077 940 2134 nomen,
965 2078 1148 2140 super
1165 2059 1683 2120 armamentarium
1702 2058 1920 2139 posito,
1927 2059 2109 2141 quod
2126 2058 2313 2122 scelus
2399 2061 2401 2063 ’

123 2142 208 2206 23
227 2152 554 2226 pararetur,
598 2145 840 2208 indicat.
901 2107 1007 2207 file
1045 2145 1327 2208 Cebalino
1366 2144 1427 2206 in
1470 2145 1925 2207 armamentario
1964 2143 2308 2208 abscondito

229 2231 511 2378 Ριοιίιέιιε
544 2231 674 2312 regi
711 2251 930 2323 corpus
969 2231 1123 2295 forte
1165 2231 1417 2305 curanti,
1479 2232 1622 2312 quid
1660 2233 1715 2293 ei
1766 2231 1946 2294 index
1991 2232 2310 2301 detulisset,

231 2327 405 2380 osten
450 2330 494 2379 ιι

125 2397 212 2458 24
357 2404 484 2469 Rex
502 2403 577 2464 ad
597 2403 1223 2481 comprehendendum
1248 2402 1522 2465 Dimnum
1538 2372 1737 2464 missis
1757 2402 2107 2464 satellitibus
2126 2419 2319 2462 arma-

232 2490 583 2550 mentarium
601 2487 799 2550 intrat.
857 2487 948 2551 Ibi
967 2489 1283 2552 Cebalinus
1306 2487 1521 2568 gaudio
1546 2489 1754 2560 elatus,
1782 2488 1987 2551 Habeo
2007 2497 2084 2564 te,
2108 2488 2317 2568 inquit,

126 2567 212 2630 25
233 2573 590 2636 incolumem
621 2591 694 2633 ex
715 2573 1033 2654 impiorum
1057 2575 1333 2637 manibus
1358 2584 1646 2654 ereptum.
1692 2573 2081 2638 Percontatus
2110 2575 2320 2638 deinde

231 2659 582 2733 Alexander,
609 2676 760 2738 quae
783 2661 1084 2722 noscenda
1109 2669 1295 2736 erant,
1323 2661 1534 2723 ordine
1563 2670 1771 2722 cuncta
1796 2661 2123 2744 cognoscit.
2168 2661 2320 2723 Rur-

237 2763 460 2825 susque
481 2743 691 2806 institit
715 2763 1018 2823 quaerere,
1062 2756 1281 2827 quotus
1308 2747 1435 2809 dies
1460 2757 1635 2823 esset,
1677 2767 1747 2810 ex
1784 2769 1901 2828 quo
1929 2749 2322 2810 Nicomachus

129 2831 216 2896 26
236 2830 312 2891 ad
336 2849 474 2892 eum
495 2829 802 2892 detulisset
823 2829 1126 2895 indicium.
1170 2834 1364 2913 Atque
1384 2834 1483 2897 illo
1503 2836 1740 2912 fatente,
1764 2833 1880 2896 iam
1908 2835 2149 2910 tertium
2170 2851 2323 2907 esse,

237 2917 597 2990 existimans,
618 2917 779 2978 haud
800 2917 1141 3000 incorrupta
1167 2919 1287 2982 fide
1311 2929 1475 2983 tanto
1500 2928 1640 3002 post
1669 2921 1919 2996 deferre,
1948 2940 2098 3003 quae
2122 2921 2323 2984 audie-

131 3004 218 3066 27
237 3011 350 3078 rat,
391 3003 598 3065 vinciri
631 3021 781 3064 eum
801 3003 995 3068 iussit.
1053 3005 1159 3068 llle
1193 3005 1492 3069 clamitare
1526 3007 1738 3086 coepit,
1780 3009 1995 3071 eodem
2038 3007 2324 3088 temporis

236 3097 563 3165 momento,
591 3107 710 3170 quo
732 3091 1015 3166 audisset,
1041 3091 1120 3154 ad
1141 3092 1437 3156 Philotam
1462 3093 1827 3155 decurrisse:
1866 3095 1939 3156 ab
1970 3113 2043 3156 eo
2072 3113 2325 3176 percon-

133 3174 222 3240 28
239 3184 490 3242 taretur.
547 3137 682 3238 Rex
707 3175 850 3238 item
877 3195 1188 3259 quaerens,
1215 3197 1291 3240 an
1312 3179 1607 3246 Philotam
1630 3180 1870 3256 adisset,
1914 3199 1990 3242 an
2016 3181 2327 3244 institisset

118 3319 122 3331 ,
241 3261 314 3338 ei,
343 3272 412 3328 ut
431 3260 769 3345 perveniret
788 3264 862 3324 ad
885 3283 971 3338 se,
1013 3273 1431 3345 perseverante
1454 3285 1526 3329 eo
1549 3268 1864 3340 affirmare,
1902 3284 2053 3350 quae
2080 3267 2325 3341 dixerat,

241 3367 456 3446 manus
479 3350 557 3414 ad
579 3350 810 3412 coelum
833 3350 1086 3414 tendens
1101 3351 1481 3415 manantibus
1500 3351 1751 3416 lacrimis
1772 3355 1929 3416 hanc
1948 3353 2064 3418 sibi
2088 3373 2125 3416 a
2146 3353 2327 3416 caris-

137 3429 222 3493 29
244 3432 396 3498 simo
433 3437 737 3517 quondam
773 3435 1098 3500 amicorum
1141 3439 1383 3501 relatam
1428 3439 1673 3520 gratiam
1710 3441 2091 3521 querebatur.
2166 3439 2329 3502 Inter

243 3520 392 3604 haec
425 3524 693 3599 DimnuS,
735 3523 950 3588 haud
931 3543 1174 3606 ignarus
1218 3527 1395 3605 quam
1430 3527 1509 3590 ob
1544 3543 1813 3590 caussam
1852 3536 2265 3591 accerseretur
2296 3543 2329 3587 a
