2417 3900
517 116 658 182 Lm.
723 118 799 201 v„
833 117 990 198 (ιιι.)
1056 121 1217 183 ω’.
1258 122 1325 183 v.
1375 119 1625 183 1-19,
2043 118 2129 179 79

59 236 240 317 „arbes
261 252 398 300 suas
423 236 843 319 coniugesque,
867 246 928 302 et
951 246 1142 307 cestra
1160 240 1303 303 inde
1330 241 1449 303 duo
1476 239 1549 301 ab
1574 238 1723 299 urbe
1750 237 1937 300 stadia
1962 256 2130 301 com·

49 321 264 395 ,munit
428 320 436 335 “
1232 382 1237 393 ,

185 406 388 484 Graeci
432 414 816 478 excesserant
850 406 1004 470 vallo
1017 452 1034 482 ,
1079 406 1476 483 deliberaturi,
1512 409 1655 489 quid
1685 406 2063 489 potissimum
2098 427 2133 468 a
2148 417 2191 477 9

59 512 194 573 rege
213 500 515 574 peterent:
555 510 858 572 quumque
879 492 1007 558 aliis
1033 493 1244 557 sedem
1264 494 1325 557 in
1349 495 1485 555 Asia
1511 512 1741 573 rogare,
1770 494 1899 557 aliis
1922 494 2137 555 reverti

60 580 268 642 domos
300 578 581 659 placeret,
603 578 930 643 Euctemon
961 580 1251 658 Cymaeus
1271 580 1355 644 ita
1386 581 1665 659 loquutus
1686 581 1764 643 ad
1788 600 1896 642 eos
1918 580 2134 641 fertur:
2256 597 2261 602 ·

55 666 146 740 Hi,
173 665 278 745 qui
301 664 486 728 medo
521 662 697 727 etiam
729 664 808 727 ad
835 682 1008 746 opem
1039 667 1367 746 petendam
1402 685 1476 728 cx
1505 667 1765 728 tenebris
1797 675 1859 727 et
1898 680 2139 727 carcere
2160 675 2240 737 10

52 751 387 832 procedere
405 748 766 825 erubuimus,
791 760 854 815 ut
874 770 1036 815 mmo
1051 760 1164 824 est,
1185 751 1727 833 supplicia-nostra,
1746 768 2001 830 quorum
2024 768 2139 812 nos

50 839 282 917 pudeat
301 834 486 921 magis
505 853 578 899 an
600 836 920 916 poeniteat,
941 838 1239 903 incertum
1264 848 1372 914 est,
1402 848 1703 900 ostentare
1730 838 2011 899 Graeciae
2034 832 2138 899 ‘ve-

47 925 142 988 lut
161 923 384 985 laetum
407 923 808 1002 spectaculum
829 924 1120 1004 cupimus.
1162 925 1341 1005 Atqui
1370 925 1591 1006 optime
1618 924 1895 987 miserias
1919 925 2137 997 ferunt,
2158 929 2239 993 11

49 1008 154 1088 qui
173 1008 564 1082 abscondunt,
580 1010 822 1094 neculla
838 1019 962 1076 tam
975 1009 1273 1073 familiaris
1290 1020 1383 1074 est
1396 1008 1728 1074 infelicibus
1745 1011 1938 1092 patria
1956 1014 2139 1089 quam

49 1094 310 1157 solitudo
339 1102 398 1155 et
422 1102 608 1157 status
641 1096 862 1177 prioris
901 1097 1137 1159 oblivio:
1209 1098 1359 1161 Nam
1384 1099 1483 1179 qui
1512 1100 1763 1161 multum
1796 1097 1862 1159 iu
1892 1112 2143 1157 suorum

47 1178 454 1246 misericordia
479 1191 731 1261 ponunt,
763 1183 1060 1262 ignorant,
1087 1200 1267 1263 quam
1296 1185 1567 1246 celeriter
1600 1184 1877 1245 lacrimae
1906 1181 2143 1241 inares-
2252 1180 2269 1232 2

49 1274 203 1332 cant.
285 1266 472 1331 Nemo
515 1268 772 1332 fideliter
809 1268 1016 1347 diligit,
1059 1286 1237 1348 quem
1274 1269 1523 1344 fastidit3
1568 1286 1705 1329 nam
1744 1274 1807 1328 et
1841 1261 2141 1327 calamitas
2164 1278 2243 1341 12

45 1352 298 1432 querula
319 1361 413 1416 est
439 1360 500 1413 et
519 1354 782 1431 superba
812 1354 1080 1415 felicitae.
1126 1354 1211 1415 lta
1242 1372 1412 1415 suam
1449 1354 1703 1433 quisque
1738 1352 2039 1413 fortunam
2077 1350 2142 1412 in
2242 1427 2263 1435 ..

45 1437 304 1503 consilio
319 1438 520 1510 habet,
545 1455 730 1517 quum
752 1438 829 1499 de
853 1438 1042 1500 aliena
1061 1438 1368 1501 deliberat.
1411 1439 1487 1500 Et
1505 1438 1621 1499 nisi
1644 1445 1851 1499 mutuo
1874 1452 2144 1507 essemus
2260 1444 2267 1450 ’

40 1524 276 1599 miseri,
321 1523 463 1589 otim
495 1522 650 1591 eiius
685 1522 782 1587 alii
816 1524 1221 1603 potuissemus
1256 1540 1389 1585 esse
1420 1523 1677 1585 fastidio.
1734 1522 1895 1595 Quid
1930 1522 2147 1583 mirum

40 1618 160 1684 est,
187 1611 528 1675 fortunatos
552 1624 798 1689 semper
815 1627 1020 1690 parem
1039 1607 1373 1691 quaerere?
1418 1608 1683 1671 Obsecro
1711 1628 1837 1683 vos,
1862 1608 2002 1671 olim
2028 1608 2145 1669 vita
2167 1618 2247 1679 13

39 1696 324 1763 defuncti
351 1712 710 1775 quaeramus
729 1695 946 1771 locum,
971 1696 1033 1757 in
1057 1711 1174 1777 qu‘o
1199 1697 1351 1758 haec
1370 1714 1601 1758 semesa
1625 1696 1893 1761 membra
1925 1696 2148 1757 obrua-

37 1800 213 1854 mus,
238 1779 344 1841 ubi
367 1778 680 1843 horribiles
705 1782 1004 1845 cicatrices
1032 1784 1181 1845 celet
1209 1782 1499 1845 exsilium.
1537 1781 1698 1845 Grati
1720 1797 1973 1863 prorsus
1998 1798 2148 1843 eon-

39 1866 329 1947 iugibus,
369 1884 516 1947 quas
537 1867 778 1931 iuvenes
802 1868 1106 1945 duximus,
1145 1878 1531 1932 revertemur.
1593 1868 1791 1931 Liben'
1814 1868 1879 1930 in
1902 1870 2055 1931 flore
2088 1876 2148 1929 et

41 1951 266 2018 aetatis
305 1961 366 2016 et
401 1971 635 2028 rerum,
681 1957 894 2019 fratres
935 1967 1264 2036 agnoscent
1306 1957 1581 2035 ergastuli
1624 1956 2007 2017 detrimenta.
2072 1953 2149 2014 Et
2166 1959 2250 2021 14

41 2047 236 2120 quota
267 2058 410 2120 pars
439 2041 632 2102 nostri
653 2051 744 2104 tot
765 2042 933 2106 obire
956 2053 1146 2105 terras
1170 2040 1413 2122 potest?
1463 2041 1681 2106 Procul
1704 2042 1943 2120 Europa
1967 2041 2030 2100 in
2055 2039 2163 2099 υἱ·-

41 2126 198 2190 tima
232 2125 480 2190 clientis
511 2128 777 2206 relegati,
797 2145 993 2203 senes,
1017 2129 1262 2201 debiles,
1288 2129 1511 2189 maiore
1536 2127 1949 2187 membrorum
1976 2131 2148 2203 parte

39 2212 308 2286 multati,
323 2210 716 2274 tolerabimus
733 2213 970 2286 scilicet,
997 2229 1151 2291 quae
1167 2221 1429 2273 armatos
1453 2220 1511 2272 et
1533 2212 1789 2272 victores
1812 2209 2149 2286 fatigarunt.
2222 2239 2233 2249 ·

42 2297 364 2374 Coniuges
389 2295 628 2369 deinde,
653 2314 798 2374 quas
821 2297 1008 2376 captis
1025 2315 1159 2358 sors
1185 2305 1243 2357 et
1260 2297 1585 2358 necessitas
1604 2295 1847 2356 unicum
1874 2290 2149 2374 solatium
2170 2296 2251 2358 15

37 2381 366 2466 applicuit,
387 2399 725 2462 panosque
745 2381 966 2443 liberos
981 2382 1267 2450 trahimus
1286 2381 1599 2443 nobiscum
1622 2396 1698 2442 an
1716 2373 2155 2458 relinquimus?

39 2473 210 2534 Cum
245 2467 346 2530 bis
375 2466 682 2531 venientes
719 2483 894 2529 nemo
933 2483 1264 2547 agnoscere
1297 2469 1473 2531 volet.
1536 2467 1965 2548 Relinquemus
2008 2481 2150 2543 ergo
2173 2477 2253 2554 15

39 2555 362 2634 extemplo
382 2553 721 2634 praesentia
741 2553 1010 2634 pignora,
1034 2571 1217 2638 quum
1234 2554 1527 2638 incertum
1548 2553 1642 2630 sit,
1663 2571 1738 2616 an
1756 2551 1941 2614 visuri
1966 2549 2151 2614 simus
2203 2575 2237 2591 -’

33 2644 174 2715 ina,
213 2657 368 2719 quae
405 2637 718 2720 petimus?
769 2641 932 2703 Inter
963 2642 1078 2702 bos
1115 2641 1421 2706 latendum
1457 2649 1564 2717 est,
1606 2637 1727 2722 qui'
1746 2659 1861 2703 nos
1890 2637 2149 2704 miseros

37 2744 256 2790 nosse
283 2735 631 2808 coeperunt.
676 2725 840 2788 Haec
858 2727 1206 2790 Euctemon.
1668 2751 1673 2758 ·
2204 2793 2209 2796 ,

199 2811 424 2874 Contra
443 2812 802 2876 'theaetetus
823 2813 1204 2878 Atheniensis
1236 2831 1409 2878 orsus
1444 2822 1536 2876 est
1560 2813 1791 2876 dicere:
1835 2809 2149 2875 Neminem
2163 2815 2253 2880 1⁴7

33 2900 228 2982 pium
252 2897 462 2964 habitu
488 2900 754 2980 corporis
781 2919 926 2962 suos
947 2898 1409 2976 aestimatus-um,
1443 2901 1642 2982 utique
1670 2899 1909 2962 saevitia
1936 2896 2151 2972 hostis,

32 3001 190 3051 non
211 2989 446 3061 naum,
473 2986 866 3050 calamitosos.
909 2986 1166 3068 Dignum
1199 3005 1339 3049 esse
1365 2987 1527 3050 omni
1552 2987 1865 3070 malo,‘qui
1896 2985 2152 3047 erubes-

34 3078 234 3136 ceret
260 3071 534 3134 fortuite:
573 3073 800 3135 tristem
831 3072 991 3138 enim
1029 3075 1106 3136 de
1135 3073 1489 3137 mortalitate
1519 3076 1674 3136 ferre
1710 3072 2061 3136 sententiam
2090 3075 2151 3128 et
2202 3082 2209 3092 ’

35 3162 396 3238 desperare
413 3157 897 3236 misericordiam,
917 3160 1054 3241 quia
1077 3161 1208 3242 ipse
1229 3161 1396 3224 alteri
1419 3163 1817 3242 denegaturus
1838 3159 1936 3221 sit.
1970 3157 2152 3244 DeoS,
2168 3157 2253 3218 18

33 3243 233 3329 quod
257 3243 378 3325 ipsi
401 3261 709 3326 nunquam
744 3255 952 3327 optare
983 3248 1114 3310 ausi
1148 3249 1365 3324 fomnt,
1404 3251 1616 3311 offerre
1641 3245 1912 3328 patriam,
1943 3237 2151 3304 coniu-

33 3351 204 3416 geS,
249 3330 475 3396 liberos
507 3341 567 3394 et
599 3332 885 3414 quidquid
915 3333 1188 3396 homines
1230 3335 1323 3398 vel
1352 3335 1469 3396 vita
1498 3333 1811 3395 aestimant
1844 3329 1933 3389 vel
1958 3329 2151 3386 morte

33 3417 400 3486 redimunt.
466 3415 624 3494 Quin
661 3418 743 3481 illi
777 3437 851 3480 ex
883 3418 1002 3480 boc
1039 3433 1278 3482 carcere
1317 3427 1727 3501 erumperent:
1772 3415 1955 3506 alium·
1990 3403 2151 3466 domi
2174 3407 2251 3470 19

39 3525 214 3573 esse
237 3505 389 3569 coeli
407 3506 708 3580 haustum,
735 3503 914 3566 alium
940 3503 1086 3568 lucis
1113 3514 1451 3586 aspectumz
1472 3521 1693 3575 mores,
1712 3511 1896 3594 sat-'12³’
1920 3493 2153 3590 {mgqafl

37 3591 504 3664 commercium
539 3591 713 3656 etia-m
739 3609 774 3656 a
801 3589 1071 3654 barbaris
1096 3589 1319 3672 expeti3
1352 3607 1504 3670 quae
1535 3583 1795 3666 ingenita
1825 3591 1940 3656 ¹PS¹
1970 3591 2155 3636 ⁰1¹118‘
