2417 3900
382 119 390 124 ’
477 130 618 193 tui.
668 131 789 193 vn.
835 129 958 210 (v.)
1005 131 1165 193 mr.
1203 92 1356 192 vm.
1404 128 1697 195 11-3o.
2028 128 2151 191 ιιι

209 247 410 309 Transi
443 251 622 311 modo
651 249 926 310 Tanaim:
969 246 1141 322 scies,
1186 266 1365 327 quam
1396 249 1509 310 late
1544 258 1805 330 pateant,
1852 264 2155 327 nunquam
2171 242 2255 307 22

97 342 270 395 tamen
291 334 676 415 consequeris
698 332 966 413 Scythas.
1007 332 1333 412 Paupertas
1352 342 1549 397 nostra
1570 335 1829 397 velocior
1847 332 1957 393 erit
1978 352 2156 411 quam

91 420 364 481 exercitus
389 426 544 493 tuuS‚
592 417 694 497 qui
717 417 999 498 praedam
1028 425 1117 479 tot
1147 418 1450 480 nationum
1475 420 1651 483 vehit.
1718 420 1949 482 Rursus
1978 434 2157 496 quum

87 506 278 579 procul
306 504 522 565 abesse
547 522 659 563 nos
697 502 927 576 credeS,
969 498 1192 565 videbis
1220 504 1285 565 in
1315 502 1429 565 tuis
1456 507 1681 567 castris.
1748 504 1969 569 Eadem
2000 503 2157 565 enim

87 588 378 651 velocitate
407 596 463 647 et
489 587 790 669 sequimur
817 597 876 650 et
900 588 1171 666 fugimnS.
1219 589 1565 669 Scytharum
1600 590 1945 652 solitudines
1974 587 2159 648 Grae·
2172 582 2258 645 23

81 672 159 733 cis
181 674 359 734 etiam
383 674 708 753 proverbiis
730 673 904 735 audio
925 674 1097 736 eludi.
1146 676 1220 737 At
1244 693 1357 737 nos
1378 674 1614 737 deserta
1640 682 1699 736 et
1717 676 1977 737 humano
1998 674 2161 735 cultu

46 780 48 791 ·
79 774 258 819 vacua
283 758 474 836 magis
496 776 670 840 quam
697 758 874 821 urbes
903 767 961 821 et
985 761 1299 839 opulentos
1327 778 1504 841 agros
1533 760 1853 841 sequimur.
1898 758 2159 821 Proinde
2174 760 2261 822 24

76 843 372 904 fortunam
403 851 560 905 tuam
585 846 802 925 pressis
827 844 1100 907 manibus
1121 855 1279 908 tene.
1324 847 1577 909 Lubrica
1610 858 1703 908 est
1722 863 1835 908 nee
1862 844 2038 907 invita
2064 852 2157 906 te-

76 927 206 989 neri
226 936 438 1009 potest.
484 928 730 993 Salubre
759 930 1065 993 consilium
1092 949 1349 1013 sequens
1384 950 1558 1012 quam
1594 948 1881 1013 praesens
1914 938 2153 1011 tempus

72 1014 326 1076 ostendit
352 1015 578 1077 melius.
621 1016 873 1097 ltnpone
897 1016 1155 1079 felicitati
1174 1026 1315 1080 tuae
1340 1020 1575 1083 frenos:
1622 1019 1843 1081 facilius
1870 1018 2027 1079 illam
2054 1034 2155 1078 re-

71 1114 191 1194 ges,
257 1098 456 1161 Nostri
483 1102 611 1163 sine
637 1103 892 1181 pedibus
919 1102 1126 1165 dicunt
1153 1122 1287 1165 esse
1316 1105 1630 1180 fortunam,
1678 1122 1829 1183 quae
1852 1120 2066 1163 manus
2094 1108 2157 1161 et
2172 1102 2256 1162 25

67 1183 278 1261 pinnas
320 1193 549 1248 tantum
590 1186 802 1261 habet3
848 1205 1032 1284 quum
1071 1206 1285 1249 manus
1329 1188 1593 1267 porrigit,
1643 1204 1870 1266 pennas
1918 1202 2157 1263 quoque

69 1271 574 1349 comprehendere
607 1290 734 1355 pon
763 1271 921 1332 sinit.
965 1272 1229 1367 Denique
1257 1271 1308 1332 si
1338 1272 1485 1333 deus
1514 1290 1601 1344 es,
1636 1272 1899 1332 tribuere
1932 1278 2157 1331 morta-
2171 1278 2258 1340 26

67 1352 214 1415 libus
241 1356 530 1419 beneficia
556 1356 758 1429 debeS,
799 1373 926 1415 non
959 1370 1067 1416 sua
1094 1356 1355 1433 eripere.
1398 1356 1491 1416 sin
1528 1364 1721 1415 autem
1756 1357 1939 1415 homo
1962 1372 2050 1426 es,
2092 1354 2157 1417 id

67 1440 223 1517 quod
251 1460 338 1515 «ιε,
383 1458 627 1537 semper
651 1458 789 1500 esse
815 1448 875 1500 te
900 1438 1109 1517 cogita.
1175 1440 1429 1501 Stultum
1456 1448 1546 1500 est
1572 1458 1775 1500 eorum
1796 1432 2157 1511 meminisse,

61 1533 312 1625 propter
334 1544 486 1605 quae
504 1526 592 1587 tui
609 1524 991 1586 obliviscens.
1037 1524 1269 1597 Quibus
1290 1524 1508 1585 bellum
1526 1542 1648 1586 non
1670 1524 1955 1596 intuleris
1982 1524 2157 1585 bonis
2175 1531 2259 1593 27

59 1612 266 1673 amicis
292 1610 524 1693 poteris
547 1611 650 1672 uti.
699 1610 850 1671 Nam
875 1618 934 1670 et
955 1609 1291 1671 firmissima
1318 1619 1405 1672 est
1428 1610 1585 1671 inter
1608 1628 1783 1690 pares
1806 1609 2074 1683 amicitia,
2098 1617 2173 1670 et

59 1695 346 1757 videntur
387 1712 581 1775 pares,
623 1696 722 1777 qui
768 1713 891 1756 non
938 1696 1208 1757 fecerunt
1252 1696 1409 1758 inter
1450 1714 1517 1755 se
1562 1695 1887 1776 perieulum
1926 1694 2159 1756 virium.

59 1780 234 1851 Quos
273 1778 504 1855 viceris,
550 1784 768 1844 amicos
802 1780 906 1842 tibi
938 1800 1072 1843 esse
1113 1800 1253 1842 cave
1287 1780 1525 1843 credas:
1570 1782 1727 1843 inter
1758 1780 2065 1843 dominum
2100 1788 2160 1843 et
2174 1784 2261 1848 28

55 1884 302 1927 servum
326 1866 486 1927 nulla
511 1867 763 1929 amicitia
791 1875 910 1941 est;
932 1867 1108 1929 etiam
1129 1868 1192 1929 in
1209 1886 1359 1947 paee
1386 1867 1525 1930 belli
1550 1876 1747 1929 tamen
1764 1868 1891 1929 iura
1911 1882 2158 1933 servan-

57 1958 169 2014 tur.
245 1951 512 2015 Iurando
553 1955 796 2032 gratiam
834 1955 1083 2034 Scythas
1123 1955 1353 2016 sancire
1393 1973 1471 2016 ne
1508 1955 1858 2028 credideris:
1904 1953 2157 2016 colendo
2175 1955 2258 2018 29

55 2037 234 2098 fidem
259 2037 481 2100 iurant.
550 2039 909 2102 Graecorum
943 2041 1052 2100 ista
1080 2041 1275 2100 cautio
1302 2047 1412 2113 est,
1457 2040 1554 2118 qui
1584 2048 1758 2118 pacta
1786 2039 2156 2116 consignant,

57 2129 114 2181 et
132 2124 284 2184 deos
311 2123 626 2185 invocant:
665 2143 777 2185 nos
803 2123 1142 2202 religionem
1168 2125 1230 2184 in
1256 2123 1388 2203 ipsa
1414 2125 1531 2183 fide
1558 2124 1849 2183 novimus,
1894 2123 2009 2194 Qui
2036 2139 2159 2182 non

55 2215 416 2269 reverentur
439 2207 733 2282 homineS,
779 2208 986 2268 fallunt
1013 2209 1182 2267 deos.
1248 2208 1371 2268 Nee
1394 2207 1502 2267 tibi
1528 2208 1715 2267 amico
1748 2211 1899 2284 opus
1930 2213 2041 2277 est,
2084 2205 2161 2265 de
2180 2203 2263 2268 30

57 2295 224 2355 cuius
263 2291 684 2353 benevolentia
721 2291 973 2352 dubites.
1041 2291 1313 2352 Ceterum
1346 2309 1461 2351 nos
1496 2300 1555 2350 et
1586 2291 1759 2350 Asiae
1788 2299 1850 2349 et
1886 2290 2161 2368 Europae

56 2378 350 2441 custodes
371 2375 649 2438 habebis:
685 2375 917 2449 Bactra,
939 2375 1052 2437 nisi
1077 2375 1293 2437 dividat
1311 2373 1547 2450 Tanais,
1567 2375 1988 2452 contingimus:
2010 2375 2163 2435 ultra

55 2463 310 2528 Tanaim
333 2481 530 2542 usque
551 2463 627 2524 ad
643 2461 952 2524 Thraciam
971 2459 1246 2534 colimus:
1286 2460 1569 2522 Thraciae
1590 2460 1992 2522 Macedoniam
2018 2474 2164 2522 con-

56 2548 327 2614 iunctam
362 2567 502 2611 esse
527 2548 681 2610 fama
706 2555 818 2609 est.
871 2545 1119 2626 Utrique
1141 2546 1391 2628 imperio
1416 2553 1519 2607 tuo
1545 2546 1828 2609 finitimos
1852 2547 2057 2608 hostes
2080 2563 2162 2610 an

57 2637 286 2698 amieos
315 2633 472 2696 velis
503 2650 640 2696 esse
671 2632 996 2696 considera.

184 2723 359 2804 Gap.
393 2719 498 2782 IX.
540 2719 703 2784 Haec
735 2719 1045 2780 barbarus.
1089 2716 1306 2778 Contra
1328 2735 1436 2778 rex
1471 2717 1707 2778 fortuna
1739 2720 1846 2778 sua
1870 2723 1933 2778 et
1960 2718 2159 2783 consi·-
2181 2710 2215 2776 1

53 2807 146 2870 liis
165 2825 386 2872 eorum
415 2825 484 2867 se
507 2825 751 2868 usurum
770 2823 902 2866 esse
923 2803 1269 2884 respondet.
1311 2802 1458 2864 Nam
1476 2811 1537 2864 et
1554 2805 1869 2877 fortunam,
1897 2804 1991 2866 cni
2013 2823 2159 2867 con-

55 2893 212 2969 fidat,
237 2902 302 2957 et
323 2891 641 2955 consilium
665 2890 1054 2965 suadentium,
1081 2907 1158 2949 ne
1168 2888 1322 2985 ‘qnid
1341 2897 1562 2951 temere
1580 2896 1641 2949 et
1664 2890 1944 2952 audacter
1964 2892 2156 2968 faciat,

57 2989 486 3080 sequutumm.
531 2977 916 3058 Dimissisque
937 2973 1181 3055 legatis
1164 2993 1225 3034 ιιι
1252 2981 1633 3054 praeparatas
1655 2985 1811 3037 rates
1838 2978 2157 3040 exercitum
2176 2977 2215 3037 2

57 3065 370 3146 imposuit.
445 3064 515 3124 ln
537 3064 730 3142 proris
759 3065 1038 3145 clipeatos
1073 3061 1387 3134 locaverat,
1429 3060 1629 3122 iussos
1654 3061 1713 3122 in
1746 3079 1937 3141 genua
1959 3057 2157 3125 subsi-

57 3150 220 3227 dere,
268 3167 396 3232 quo
429 3149 674 3211 tutiores
709 3156 910 3212 essent
935 3150 1219 3211 adversus
1252 3145 1402 3209 ictus
1429 3146 1789 3226 sagittarum.
1856 3147 2002 3210 Post
2024 3147 2154 3217 hos,
2176 3145 2216 3206 3

56 3237 156 3316 qui
171 3243 487 3298 tormenta
503 3230 894 3308 intenderent,
917 3235 1166 3307 stabant,
1187 3239 1247 3294 et
1264 3233 1338 3295 ab
1358 3241 1611 3313 utroque
1630 3235 1808 3296 latere
1832 3242 1891 3294 et
1907 3251 1939 3292 a
1960 3234 2157 3292 fronte

57 3321 423 3386 circumdati
465 3319 722 3380 armatis.
800 3319 1057 3398 Reliqui,
1101 3321 1198 3400 qui
1241 3329 1379 3398 post
1418 3329 1707 3384 tormenta
1752 3317 2155 3388 constiterant,

57 3409 354 3489 remigem
377 3404 564 3468 lorica
585 3403 852 3466 indutum
879 3414 1175 3466 scutorum
1200 3406 1494 3467 testudine
1512 3407 1717 3468 armati
1742 3401 2153 3483 protegebant.

63 3493 227 3560 Idem
257 3492 420 3558 ordo
450 3489 649 3554 inillis
677 3507 916 3570 quoque
939 3491 1181 3565 ratibus,
1214 3507 1377 3568 quae-
1390 3493 1647 3570 equitem
1672 3486 1985 3558 vehebant,
2026 3503 2157 3552 eeu-
2174 3486 2217 3545 4

61 3593 230 3646 vatus
253 3585 374 3643 est-
449 3571 636 3639 Maior
657 3591 798 3656 pars
823 3594 856 3638 a
885 3594 1086 3656 puppe
1109 3581 1323 3638 nantes
1346 3593 1535 3656 equos
1562 3575 1705 3636 loris
1730 3571 2018 3635 trahebat.
2084 3575 2159 3635 At
