2417 3900
541 89 682 152 LlB.
741 90 838 151 111.
886 89 990 171 (1.)
1055 93 1223 154 CAP:
1258 91 1411 153 xffl.
1458 87 1710 183 3ssl7.
2078 86 2161 148 26

134 202 378 264 demersa
441 206 822 269 eruebantur:
899 227 1022 269 non
1075 209 1445 270 sufficiebant
1488 207 1900 287 praedantium
1951 226 2163 268 manus

116 290 380 368 praedae.

237 376 472 454 lamque
515 376 688 436 etiam
739 376 816 434 ad
855 394 976 449 eos,
1023 377 1121 456 qui
1163 378 1333 456 primi
1381 379 1670 455 fugerant,
1722 385 1959 437 ventum
2011 386 2163 437 erat:
2188 379 2268 441 12

118 459 360 520 feminae
385 463 702 540 pleraeque
730 479 945 537 parvos
983 463 1284 523 trahentes
1336 461 1553 523 liberos
1601 463 1785 524 ibant.
1833 461 1993 521 Inter
2021 481 2165 540 quas

117 553 230 605 tres
263 548 425 608 fuere
463 545 737 624 virgineS‚
789 547 956 618 Ochi,
1005 547 1102 626 qui
1142 556 1279 608 ante
1309 549 1559 610 Dareum
1597 557 1959 626 regnaverat,
2000 547 2173 620 filiae,

117 630 250 691 olim
279 632 513 712 quidem
542 649 614 690 ex
633 630 858 710 fastigio
889 641 1132 711 paterno
1156 653 1353 696 rerum
1382 634 1699 696 mutatione
1730 635 2043 706 detractae,
2063 633 2172 694 sed

112 725 237 778 tum
286 725 504 778 sortem
557 734 755 782 earum
799 719 1088 782 crudelius
1135 722 1491 798 aggravante
1538 720 1787 781 fortuna.
1856 720 1921 779 In
1960 720 2171 780 eodem
2196 716 2275 780 13

115 819 296 880 grege
319 821 469 867 uxor
497 822 730 882 quoque
769 804 1032 867 eiusdem
1063 805 1211 866 Ochi
1246 806 1375 880 fuit,
1430 805 1821 886 Oxathrisque
1849 803 2056 884 (frater
2078 805 2175 866 hic

112 894 242 948 erat
262 887 462 968 Darei)
493 888 621 962 filia,
671 898 728 950 et
765 890 1021 953 coniunx
1048 892 1332 966 Artabazi,
1378 891 1664 971 principis
1695 899 2171 971 purpuratorum,
2202 909 2217 928 ·

111 979 172 1034 et
189 973 364 1048 filius,
409 974 500 1035 cui
523 974 746 1035 Ilioneo
772 977 880 1038 fuit
904 995 1142 1038 nomen.
1186 978 1549 1039 Pharnabazi
1578 997 1829 1057 quoque,
1879 978 1970 1039 cui
2009 975 2279 1038 sum-14

105 1077 269 1120 mum
318 1060 626 1142 imperium
669 1061 990 1124 maritimae
1043 1083 1181 1124 orae
1220 1083 1323 1125 rex
1371 1065 1633 1137 dederat,
1690 1083 1836 1124 uxor
1881 1082 2017 1124 cum
2054 1061 2175 1122 filio

107 1153 346 1226 excepta
368 1156 474 1218 est,
502 1147 781 1209 Mentoris
803 1149 953 1210 filiae
978 1159 1121 1222 treS,
1172 1168 1241 1211 ac
1274 1149 1623 1211 nobilissimi
1652 1149 1818 1210 ducis
1845 1147 2179 1208 Memnonis

106 1231 363 1295 coniunx
388 1241 447 1293 et
469 1233 642 1294 filius,
688 1233 905 1312 Vixque
937 1236 1050 1296 ulla
1067 1236 1283 1296 domus
1307 1234 1616 1314 purpurati
1640 1234 1747 1294 fuit
1772 1241 1971 1295 tantae
1998 1231 2180 1295 cladis

105 1335 342 1398 expers·
403 1319 874 1381 ·Lacedaemonii
913 1339 1148 1397 quoque
1193 1329 1253 1381 et
1289 1320 1681 1380 Athenienses
1724 1318 2018 1379 societatis
2061 1317 2179 1378 fide
2203 1313 2285 1374 15

103 1402 322 1465 violata
359 1404 577 1462 Persas
622 1403 884 1483 sequuti:
951 1405 1343 1482 Aristogiton,
1393 1403 1685 1482 Dropides
1737 1413 1797 1465 et
1836 1403 2180 1482 IphicrateS,

100 1489 261 1551 inter
292 1487 685 1549 Athenienses
727 1507 942 1566 genere
977 1489 1476 1568 famaque-longe
1513 1488 1837 1562 clarissimi,
1887 1490 2183 1551 Lacedae-
2250 1539 2266 1544 -
2334 1509 2343 1524 ’

97 1575 294 1636 monii
323 1573 656 1652 Pausippus
685 1583 741 1634 et
769 1573 1255 1644 Onomastorides
1284 1594 1414 1635 cum
1434 1575 1694 1636 Monimo
1718 1584 1773 1638 et
1800 1575 2181 1650 Callicratide,

93 1662 161 1722 hi
207 1678 455 1740 quoque
491 1659 650 1722 domi
685 1661 938 1722 nobiles.
985 1661 1225 1723 Summa
1254 1661 1541 1740 ¹pecuniae
1568 1661 1829 1739 signatae
1856 1662 1966 1723 fuit
1994 1663 2180 1724 talen·
2202 1661 2285 1724 16

97 1749 230 1830 tum
280 1747 403 1809 duo
443 1745 599 1807 milia
648 1755 706 1807 et
757 1755 1060 1818 sexcenta,
1127 1747 1259 1808 facti
1305 1747 1531 1826 argenti
1573 1748 1811 1832 pondus
1862 1748 2183 1828 quingenta

94 1833 423 1914 aequabat.
469 1833 778 1894 Praeterea
814 1833 1048 1912 triginta
1075 1833 1230 1895 milia
1256 1834 1561 1896 hominum
1595 1853 1727 1896 cum
1766 1844 1994 1916 septem
2028 1833 2183 1894 mili-

94 1920 211 1982 bus
241 1920 648 1983 iumentorum
683 1920 861 1981 dorso
889 1938 1067 1981 onera
1093 1920 1446 2001 portantium
1480 1928 1647 2002 capta
1679 1932 1834 1983 sunt.
1909 1922 2180 1983 Ceterum
2205 1915 2289 1980 1⁷

94 2006 178 2069 dii
235 2014 446 2069 tantae
503 2006 771 2069 fortunae
821 2008 1194 2087 proditorem·
1232 2008 1609 2085 [sepulturae]
1670 2008 1941 2068 celeriter
1987 2006 2187 2083 debita

92 2097 300 2174 poena
341 2092 686 2172 persequuti
721 2102 874 2154 sunt.
943 2094 1207 2171 Namque
1246 2111 1398 2153 unus
1434 2110 1465 2151 e
1503 2092 1755 2153 consciis
1792 2093 1938 2165 eiuS,
1986 2091 2268 2181 credo,15

89 2180 257 2259 regis
306 2178 499 2239 vicem
541 2178 711 2237 etiam
756 2178 816 2238 in
857 2178 952 2238 illa
990 2186 1150 2237 sorte
1200 2177 1483 2237 reveritus
1534 2176 1823 2237 interfecti
1868 2175 2169 2281 proditori

93 2273 284 2346 caput
319 2264 399 2325 ad
433 2263 690 2323 Dareum
726 2262 872 2335 tulit,
916 2271 1317 2340 opportunum
1350 2261 1622 2323 solatium
1650 2259 1918 2339 prodito:
1970 2259 2179 2339 quippi

95 2359 156 2412 et
178 2352 352 2413 ultus
380 2347 682 2409 inimicum
711 2356 835 2407 erat
866 2354 923 2406 et
949 2346 1216 2406 nondum
1235 2346 1294 2405 in
1325 2344 1586 2406 omnium
1613 2344 1823 2407 animis
1850 2345 2274 2447 memoriam=5

93 2433 442 2503 maiestatis
470 2452 611 2494 suae
640 2432 964 2494 exolevisse
992 2432 1288 2491 cernebat.
2222 2439 2225 2443 ·

835 2751 1288 2813 Llnsnlv.
1352 2748 1483 2829 (n.)

697 2892 732 2933 A
789 2891 825 2933 R
883 2891 918 2932 G
978 2892 1011 2933 U
1073 2892 1112 2933 M
1169 2890 1205 2931 Ε
1264 2890 1301 2931 Ν
1360 2888 1397 2929 Τ
1458 2888 1493 2931 U
1552 2888 1617 2929 H·

223 2985 512 3033 Alexander
550 2984 701 3031 literis
737 2999 764 3028 ι
796 2985 949 3029 Dareo
985 2986 1183 3043 superbe
1218 2984 1409 3041 seriptis
1439 2984 1567 3039 regie
1597 2980 1866 3037 resposset.
1929 2978 2193 3025 Abdoloni·

91 3077 230 3106 num
275 3058 491 3103 Sidoniis
519 3072 673 3111 regem
707 3059 933 3114 praeficit.
991 3060 1220 3117 ,Amyntan
1248 3057 1491 3109 transfuga
1521 3055 1637 3099 miro
1662 3053 1797 3097 nodo
1826 3066 1853 3095 ι
1877 3049 2038 3097 Per-i·
2071 3054 2193 3109 ipsis

95 3135 370 3179 occiditur.
445 3132 615 3175 Variae
648 3133 790 3175 varii·
824 3130 940 3175 loci·
981 3132 1321 3187 praefectorum
1349 3130 1493 3175 Darei
1536 3127 1717 3172 clades.
1756 3126 1872 3182 Cap.
1910 3131 1949 3171 1.
2033 3125 2190 3177 Tyru-

87 3210 222 3254 nrb-
259 3204 438 3250 ineolis
473 3205 788 3248 Alexandrum
833 3206 1043 3261 recipere
1090 3203 1413 3249 recnuntilnn
1454 3202 1704 3245 obsidetur.
1732 3204 1773 3243 2.
1847 3200 1971 3248 Quae
2009 3195 2191 3238 obsidio

93 3283 284 3325 dubiis
319 3278 432 3323 nelli
461 3280 702 3323 eventibun
731 3278 975 3321 ednod-m
1009 3277 1256 3322 nobilitata
1286 3282 1371 3322 ent.
1406 3280 1447 3320 8.
1524 3272 1734 3317 Tandem
1768 3274 1815 3314 vi
1844 3275 1982 3325 capta
2006 3270 2189 3311 funesto

90 3359 340 3403 rut-tur
377 3352 606 3398 inoendio.
638 3355 682 3399 4.
737 3352 878 3395 Darei
921 3353 1093 3395 iterate
1136 3352 1192 3394 de
1234 3362 1350 3406 pace
1393 3348 1751 3402 submi-stoque
1788 3344 1958 3395 legatio
1990 3340 2047 3381 ab
2080 3337 2192 3380 Ale-

89 3429 318 3474 xndro
360 3427 646 3483 repudiatur,
697 3437 784 3478 qno
823 3424 950 3467 facto
990 3424 1153 3467 Graeci
1199 3437 1301 3467 enm
1340 3418 1508 3465 coron&
1549 3418 1688 3465 aurei
1730 3418 1929 3461 domata
1978 3409 2061 3453 ine
2106 3422 2195 3462 pa·

13 3512 21 3532 ⁸
91 3501 401 3559 praefecto·
427 3498 674 3558 pleneque
703 3496 948 3541 Persarum
977 3497 1239 3552 provinciae
1272 3496 1319 3537 in
1346 3498 1623 3549 potestatem
1657 3500 1784 3532 enam
1820 3479 2063 3563 rffdfissil·5·
2117 3478 2193 3521 Ad

85 3576 310 3622 bellum
347 3574 451 3617 dum
481 3588 530 3617 ee
571 3570 768 3622 neetngtt
793 3568 990 3619 Dareus,
1041 3565 1311 3611 Alexander
1342 3564 1515 3608 Gazam
1553 3560 1793 3623 expugnat
1834 3560 2021 3599 nunqu·
2058 3561 2194 3601 Ρῐδθ·
