2417 3900
173 106 176 109 ’
273 121 397 186 128
743 119 844 183 nr.
885 118 1148 181 ansus
1191 116 1622 179 ALEXANom
1662 112 1905 179 MAGNI

271 261 407 306 nem
435 241 582 303 adeo
610 239 890 303 humilem
917 256 1068 311 esse,
1107 244 1170 299 ut
1191 236 1419 300 humeri
1448 237 1571 299 eius
1598 256 1717 299 non
1744 243 1993 318 possent
2013 232 2363 295 Macedbnis

213 335 256 397 7
273 328 468 391 militis
491 326 760 389 verticem
783 344 1054 407 aequare.
1101 323 1483 385 Conclamant
1498 324 1820 397 temulenti,
1842 340 2022 384 unam
2040 322 2197 381 hanc
2220 338 2367 380 sen-

273 414 514 477 tentiam
538 413 833 475 salubrem
857 430 1019 475 esse:
1050 418 1108 471 et
1130 410 1353 471 Bessus
1382 410 1745 472 circumferri
1768 428 1997 471 merum
2022 404 2285 485 largius'
2271 425 2367 466 ιιι-

85 515 98 519 ·
211 505 253 567 8
269 500 390 576 bet,
415 500 811 563 debellaturus
836 518 1016 579 super
1039 514 1307 557 mensam
1330 496 1746 559 Alexandrum.
1808 494 1987 557 Erat
1970 514 2031 555 ιιι
2060 512 2133 569 eo
2158 490 2367 552 convi-

266 586 364 649 vio
393 586 668 660 GobareS,
713 586 952 649 natione
975 584 1203 657 Medus„
1236 582 1341 643 sed
1366 582 1627 661 magicae
1652 582 1791 645 artis
1817 582 1899 661 (si
1920 560 2100 641 modo
2126 597 2227 639 ars
2256 587 2362 653 est,

267 692 392 735 non
440 672 742 733 vanissimi
793 672 1074 749 cuiusque
1119 664 1467 745 ludibrium)
1530 670 1715 749 magis
1764 666 2140 749 professione
2184 682 2363 743 quam
2393 696 2394 699 ¹

207 762 250 823 9
269 758 513 821 scientia
541 758 790 831 celeber,
838 756 1096 836 alioquin
1121 755 1459 817 moderatus
1488 764 1546 817 et
1570 755 1816 837 probuS.
1886 754 1945 815 ls
1972 772 2157 833 quum
2186 769 2363 830 prae·
2393 776 2394 811 ι

267 846 424 907 fatus
461 853 638 919 esset,
680 844 852 917 scire,
899 854 1070 905 servo
1111 840 1307 902 utilius
1346 843 1477 903 esse
1510 859 1721 921 parere
1758 841 1913 903 dicto
1940 858 2117 919 quam
2152 840 2361 899 afferre

271 929 599 1003 consilium,
641 947 820 1008 quum
845 930 994 1002 illos,
1037 926 1136 1007 qui
1166 934 1429 1007 pareant,
1469 927 1628 988 idem
1666 928 1824 1007 quod
1852 934 2083 987 ceteros
2106 932 2360 996 maneat,

269 1014 370 1095 qui
399 1034 537 1087 vero
563 1015 866 1088 suadeant,
905 1012 1210 1105 proprium
1235 1012 1349 1073 sibi
1375 1013 1729 1093 periculum:
1774 1013 2057 1094 poculum
2082 1012 2153 1085 ei,
2196 1010 2361 1107 quod

169 1100 250 1164 10
267 1100 564 1165 habebat
548 1120 610 1162 ιιι
633 1118 831 1175 manu,
859 1100 1113 1161 tradidit.
1161 1100 1294 1173 Quo
1316 1109 1555 1179 accepto
1577 1100 1853 1172 Gobares,
1882 1099 2113 1170 Natura,
2140 1096 2359 1175 inquit,

267 1187 603 1249 mortalium
625 1188 741 1249 hoc
763 1204 999 1285 quoque
1020 1185 1263 1249 nomine
1282 1204 1461 1265 prava
1484 1192 1543 1248 et
1560 1185 1795 1250 sinistra
1816 1185 1932 1247 dici
1954 1192 2158 1265 potest,
2186 1183 2359 1260 quod

169 1273 330 1349 11in
359 1293 470 1335 suo
511 1273 760 1354 quisque
801 1273 1036 1353 negotio
1069 1272 1341 1333 hebetior
1378 1280 1469 1333 est
1500 1290 1673 1353 quam
1708 1272 1769 1334 in
1811 1272 2021 1333 alieno.
2084 1266 2357 1330 Turbida

269 1368 410 1421 sunt
436 1360 676 1422 consilia
707 1380 928 1434 eorum,
963 1358 1062 1438 qui
1087 1357 1199 1419 sibi
1226 1359 1499 1420 suadent.
1564 1358 1774 1421 Obstat
1798 1365 2005 1431 ιιι5ιι15,
2039 1354 2166 1417 aliis
2190 1354 2361 1435 cupi-

271 1445 441 1519 ditas,
485 1466 910 1525 nonnunquam
941 1444 1220 1507 naturalis
1248 1462 1471 1519 eorum,
1516 1464 1665 1524 quae
1704 1442 2145 1523 excogitarem,
2172 1459 2356 1501 amor.

266 1530 416 1593 Nam
435 1532 496 1593 in
515 1540 572 1593 te
593 1533 870 1612 superbia
892 1549 1012 1593 non
1033 1532 1204 1593 cadit.
1250 1532 1541 1611 Expertus
1562 1550 1644 1605 es,
1672 1548 2174 1611 unumquemque,
2198 1528 2357 1606 quod

169 1625 249 1687 12
267 1615 403 1698 ipse
421 1619 771 1699 reppererit,
819 1628 920 1679 aut
942 1619 1134 1684 solum
1165 1626 1266 1678 aut
1288 1618 1573 1697 optimum
1601 1618 1835 1678 ducere.
1900 1618 2183 1693 Magnum·
2208 1632 2357 1674 onus

195 1750 202 1757 .
261 1704 532 1793 sustines
559 1704 770 1784 capite,
796 1704 1018 1782 regium
1045 1702 1295 1782 insigne.
1342 1704 1470 1765 Hoc
1490 1712 1589 1764 aut
1616 1704 1919 1764 moderate
1938 1701 2357 1782 perferendum

273 1795 386 1863 est,
407 1796 526 1861 aut,
560 1790 719 1868 quod
750 1789 1081 1861 obominor,
1116 1788 1177 1849 in
1201 1798 1258 1849 te
1279 1798 1429 1849 ruet.
1500 1788 1777 1864 Consilio,
1810 1807 1931 1849 non
1956 1788 2185 1867 impetu
2211 1804 2359 1865 opus

171 1879 252 1942 13
273 1882 382 1934 est.
428 1873 640 1935 Adiicit
657 1874 891 1949 deinde,
921 1874 1080 1954 quod
1107 1873 1265 1954 apud
1285 1874 1625 1936 Bactrianos
1650 1877 1823 1954 vulgo
1849 1875 2237 1955 usurpabant,
2264 1890 2359 1933 ca-
2393 1942 2394 1950 χ

272 1978 409 2021 ιι5ιιι
453 1959 721 2021 timidum
765 1961 1170 2022 vehementius
1218 1960 1431 2022 latrare
1480 1979 1657 2041 quam
1706 1963 2015 2035 mordere;
2077 1959 2359 2021 altissima

171 2051 254 2114 14
273 2063 539 2126 quaeque
565 2047 805 2109 flumina
828 2047 1071 2110 minimo
1099 2064 1250 2106 sono
1278 2047 1412 2108 labi.
1463 2049 1627 2120 Quae
1652 2049 1892 2123 inserui,
1918 2057 1999 2122 ut,
2028 2047 2361 2126 qualiscun-

270 2150 388 2212 que
409 2132 566 2194 inter
587 2134 876 2196 barbaros
898 2135 1090 2214 potuit
1113 2151 1249 2193 esse
1272 2135 1600 2213 prudentia,
1636 2137 1982 2196 traderetur.
2040 2135 2110 2194 ln
2136 2132 2224 2194 his
2248 2148 2359 2190 au-

267 2218 557 2282 dientium
577 2221 972 2301 suspenderat
991 2219 1489 2300 exspectationem
1510 2221 1621 2282 sui.
1666 2223 1813 2282 'rum
1836 2219 2140 2282 consilium
2171 2217 2361 2298 aperit
2393 2255 2394 2274 ι

267 2305 469 2368 ιιιίΙίιι5
493 2308 678 2369 Β5550
707 2327 884 2406 quam
909 2307 1152 2386 gratius.
1197 2305 1267 2366 ln
1294 2307 1603 2382 vestibulo,
1642 2307 1847 2386 inquit,
1875 2306 2069 2386 regiae
2094 2317 2231 2366 tuae
2258 2322 2358 2364 ve
2393 2331 2394 2366 ι

265 2391 606 2456 locissimus
627 2394 896 2456 consistit
917 2412 1041 2455 rex.
1086 2394 1237 2454 Ante
1264 2393 1359 2454 ille
1378 2411 1587 2472 agmen
1610 2411 1784 2473 quam
1806 2403 1867 2457 tu
1894 2411 2159 2454 mensam
2186 2391 2359 2452 istam
2393 2397 2394 2456 3

169 2486 251 2549 15
269 2479 558 2541 movebis,
627 2479 800 2542 Nunc
837 2480 910 2540 ab
935 2479 1119 2540 Tanai
1157 2479 1477 2540 exercitum
1512 2497 1781 2542 accerses
1810 2489 1869 2541 et
1901 2479 2079 2540 armis
2119 2476 2394 2539 flumina

269 2581 568 2643 opponeS.
637 2565 872 2627 Scilicet
907 2583 1020 2645 qua
1053 2574 1117 2626 tu
1139 2565 1428 2644 fugiturus
1452 2585 1534 2639 es,
1575 2566 1763 2628 hostis
1790 2566 1955 2645 sequi
1992 2583 2113 2626 non
2140 2573 2394 2644 potest.

269 2647 391 2710 Iter
414 2649 646 2730 utrique
671 2669 986 2713 commune
1009 2659 1118 2725 est,
1143 2650 1351 2712 victori
1370 2653 1572 2714 tutius.
1618 2651 1781 2714 Licet
1801 2662 2107 2714 strenuum
2133 2659 2365 2712 metum
2393 2661 2394 2704 ι

170 2749 252 2812 16
269 2743 444 2815 putes
477 2753 628 2810 esse,
649 2738 936 2805 velocior
971 2745 1167 2798 tamen
1202 2755 1345 2817 spes
1380 2749 1490 2800 est.
1562 2739 1719 2812 Quin
1760 2738 2057 2801 validioris
2100 2727 2394 2816 occupas*

272 2822 537 2900 gratiam,
562 2783 850 2904 dedisque
867 2821 972 2885 te?
997 2834 1300 2904 utcunque
1320 2826 1581 2899 cesserit,
1606 2825 1907 2888 meliorem
1928 2827 2223 2887 fortunam
2252 2826 2394 2884 de·
2393 2861 2394 2866 κ

170 2919 250 2984 17
271 2901 428 2968 ditus
450 2925 630 2987 quam
651 2909 840 2972 hostis
863 2910 1188 2973 h'abituruS.
1249 2912 1515 2974 Alienum
1547 2912 1755 2973 habes
1760 2931 2029 2992 regnum,
2069 2931 2186 2992 quo
2216 2911 2394 2972 faci-

271 2993 385 3056 lius
409 3011 480 3057 eo
509 3011 730 3059 careas.
796 2976 1052 3078 Incipies
1079 2997 1326 3060 forsitan
1359 2999 1549 3060 iustus
1578 3018 1709 3060 esse
1735 3019 1859 3074 rex,
1905 3017 2087 3079 quum
2112 2998 2248 3078 ipse
2276 2999 2394 3058 fe-

173 3092 254 3156 18
275 3075 436 3154 cerii,
464 3083 563 3160 qui
582 3081 688 3144 tibi
715 3085 775 3144 et
797 3086 937 3146 dare
963 3092 1160 3164 potest
1179 3103 1426 3164 regnum
1452 3095 1511 3146 et
1531 3086 1779 3166 eripere.
1828 3086 2147 3147 Consilium
2172 3085 2359 3144 habes

271 3168 465 3243 fidele,
483 3171 642 3270 quod
661 3169 876 3233 diutius
891 3171 1098 3251 exequi
1115 3181 1539 3251 supervacuum
1558 3180 1664 3234 est.
1696 3173 1921 3235 Nobilis
1941 3192 2128 3251 equus
2144 3171 2357 3232 umbra

274 3273 512 3335 quoque
556 3256 753 3336 virgae
802 3257 1060 3336 regitur:
1121 3256 1369 3336 ignavus
1414 3278 1492 3320 ne
1533 3261 1743 3321 calcari
1788 3260 2024 3340 quidem
2072 3255 2355 3320 concitari

273 3351 490 3424 potest.

175 3433 256 3503 19
403 3431 645 3506 Bessus,
675 3439 733 3495 et
757 3429 994 3530 ingenio
1021 3439 1078 3492 et
1102 3431 1287 3493 multo
1314 3447 1478 3492 mero
1506 3432 1687 3506 ferox,
1722 3431 1870 3492 adeo
1898 3432 2137 3505 exarsit,
2173 3438 2242 3491 ut
2264 3428 2394 3489 vix

285 3517 350 3576 b
376 3518 596 3594 amiciS‚
622 3539 741 3600 quo
763 3518 957 3581 minus
983 3519 1280 3580 occideret
1303 3535 1457 3591 eum,
1482 3537 1615 3580 nam
1640 3518 1955 3580 strinxerat
1978 3535 2219 3598 quoque
2238 3515 2355 3577 aci-

377 3621 504 3681 -5ιιι,
545 3608 962 3670 contineretur.
1023 3607 1194 3669 Certe
1230 3623 1263 3666 e
1299 3605 1565 3666 convivio
1590 3604 1863 3686 prosiluit
1893 3601 2395 3686 haudquaquam
2390 3651 2395 3696 5
