2417 3900
485 142 639 208 Lm.
687 143 761 204 x.
806 141 1016 223 (vm.)
1064 143 1223 206 ω».
1263 144 1338 208 11.
1387 142 1676 207 17—30.
2019 146 2146 209 211

68 258 269 320 oculos
303 277 502 335 meos,
550 260 935 340 ingratissimi
970 261 1143 323 cives.
1196 263 1364 324 Laeti
1399 282 1506 327 vos
1548 262 1839 340 excipient
1875 276 2147 343 parentes
2166 264 2252 327 28

64 345 365 423 liberique,
408 346 539 407 sine
568 355 765 409 vestro
800 365 939 427 rege
968 348 1308 409 redeunteS.
1365 348 1608 410 Obviam
1639 347 1806 408 ibunt
1831 347 2150 413 desertori-

64 431 172 491 bus
207 431 672 512 transfugisque.
742 432 1144 512 Triumphabo
1186 434 1518 495 mehercule
1553 434 1626 493 de
1665 433 1801 511 fuga
1845 444 2038 495 vestra
2075 436 2252 511 eust)

64 517 398 596 ubicunque
427 536 549 592 erc,
590 530 859 597 expetam
886 535 1132 599 poenae,
1168 520 1303 593 hos,
1333 538 1466 580 cum
1489 517 1701 597 quibus
1727 536 1823 577 me
1844 520 2154 599 reliquitiS,

61 602 310 663 colendo
338 604 847 683 praeferendoque
883 604 1073 665 vohis.
1132 603 1256 664 Iam
1283 614 1478 666 autem
1522 603 1738 677 scietis,
1771 612 1830 665 et
1865 613 2154 685 quantum

58 689 191 749 sine
216 705 361 765 rege
392 690 581 751 valeat
609 689 897 750 exercitus
930 699 991 751 et
1013 689 1151 769 quid
1178 690 1314 770 opis
1339 690 1400 751 in
1432 708 1527 750 me
1553 706 1674 749 uno
1703 690 1794 751 sit.

191 773 443 835 Desiluit
482 774 695 837 deinde
730 775 1014 836 frendens
1054 776 1128 841 de
1168 776 1440 837 tribunali
1477 783 1538 835 et
1573 774 1636 835 in
1675 775 1932 838 medium
1963 773 2258 841 arma-30
2361 839 2363 841 .

51 869 261 935 torum
290 876 501 937 agmen
526 879 594 922 se
623 860 882 941 immisit,
914 868 1149 923 notatos
1178 879 1430 942 quoque,
1468 861 1566 941 qui
1595 861 1962 923 ferocissime
1985 862 2156 923 oblo-

62 943 231 1023 quuti
272 954 466 1019 erant,
520 946 783 1025 singulos
822 963 1001 1008 manu
1052 946 1366 1028 corripuit,
1419 964 1532 1009 nec
1571 964 1748 1008 ausos
1794 964 2152 1029 repugnare,

58 1030 345 1093 tredecim
370 1032 761 1093 asservandos
792 1032 1139 1095 custodibus
1164 1032 1432 1113 corporis
1449 1032 1706 1094 tradidit.

192 1114 357 1196 Cap.
399 1118 497 1179 ΠΙ.
560 1118 705 1191 Quis
749 1118 1049 1190 crederet,
1099 1136 1337 1181 saevam
1376 1119 1572 1201 paullo
1625 1126 1760 1178 ante
1803 1118 2150 1177 concionem
2173 1120 2208 1179 1

51 1201 440 1280 ‚obtorpuisse
473 1204 665 1265 subito
701 1211 882 1278 metu,
926 1212 987 1265 et
1022 1221 1204 1281 quum
1241 1206 1314 1265 ad
1351 1202 1700 1282 supplicium
1741 1202 1967 1262 videret
2000 1200 2153 1263 trahi

51 1287 207 1361 ‚nihil
234 1306 415 1349 ausos
442 1287 729 1366 graviora,
750 1306 927 1369 quam
952 1296 1182 1351 ceteros
1208 1288 1240 1320 *
1264 1288 1294 1321 ¹⁸¹
1315 1287 1343 1318 *
1371 1288 1494 1349 sive
1516 1287 1793 1360 nominis,
1823 1287 1982 1365 quod
2007 1304 2150 1365 gen-
2168 1297 2209 1359 3

51 1382 169 1445 ῑιεε,
200 1392 351 1455 quae
374 1375 486 1436 sub
510 1374 751 1452 regibus
776 1384 933 1449 sunt,
959 1376 1117 1437 inter
1138 1376 1284 1436 deos
1311 1375 1528 1447 colunt,
1553 1374 1674 1434 sive
1702 1373 1940 1451 propria
1962 1372 2148 1450 ipsius

51 1459 383 1534 1veneratio,
420 1458 545 1520 sive
582 1459 797 1521 fiducia
820 1468 982 1522 tanta
1019 1461 1076 1522 vi
1113 1461 1444 1523 exercentis
1480 1458 1791 1538 imperium
1829 1459 2152 1519 conterruit

51 1563 187 1615 ¹eos.
239 1544 549 1625 Singulare
589 1552 747 1607 certe
784 1546 1093 1609 ediderunt
1129 1546 1445 1627 patientiae
1482 1545 1843 1623 exemplum,
1883 1544 2210 1623 adeoque4

51 1649 187 1691 non
225 1639 367 1693 sunt
412 1630 647 1692 accensi
682 1631 971 1711 supplicio
1011 1633 1502 1705 commilitonum,
1545 1648 1726 1710 quum
1763 1630 1874 1691 sub
1915 1636 2154 1691 noctem
2187 1656 2194 1661 ·

51 1716 413 1801 :interfectos
448 1734 581 1777 esse
604 1726 875 1792 nossent,
910 1725 977 1778 ut
1003 1718 1146 1780 nihil
1172 1718 1499 1792 omiserint,
1539 1716 1697 1795 quod
1725 1714 1939 1795 singuli
1964 1714 2152 1793 magis

60 1801 422 1864 obedienter
462 1819 533 1863 ac
562 1800 659 1883 pie
692 1803 972 1864 facerent.
1033 1802 1179 1867 Nam
1227 1822 1405 1885 quum
1451 1810 1692 1883 postero
1735 1801 1830 1862 die
1871 1794 2154 1882 prohibiti
2175 1807 2214 1867 5

100 1885 232 1947 ditu
286 1885 610 1962 venissent,
648 1887 916 1952 Asiaticis
954 1890 1131 1952 modo
1179 1891 1459 1953 militibus
1495 1887 1794 1964 admissiS,
1839 1888 2152 1966 lugubrem

53 1973 203 2044 [totis
224 1971 433 2036 castris
450 1974 688 2037 edidere
710 1977 1044 2050 clamorem,
1074 1977 1512 2050 denuncianteS,
1535 1976 1803 2056 protinus
1824 1993 1956 2036 esse
1972 1973 2157 2035 mori-

53 2069 255 2132 [tui-oe,
286 2061 337 2121 si
356 2078 461 2122 rex
483 2071 888 2140 perseveraret
908 2061 1101 2123 irasci.
2317 2124 2326 2143 ,

190 2148 270 2208 At
290 2145 389 2206 ille
428 2147 748 2224 pervicacis
775 2148 852 2207 ad
888 2147 1105 2220 omnia,
1150 2162 1298 2224 quae
1335 2145 1628 2222 agitasset,
1663 2143 1857 2219 animi,
1890 2143 2158 2223 peregri-
2175 2148 2217 2208 6

53 2250 287 2294 uorum
334 2230 579 2294 militum
616 2233 962 2294 concionem
1000 2230 1272 2293 advocari
1318 2230 1506 2304 iubet,
1546 2229 1966 2292 Macedonibus
2005 2229 2160 2290 intra

68 2327 260 2378 castra
290 2315 591 2379 cohibitis:
618 2327 678 2380 et
700 2337 879 2397 quum
900 2319 1237 2398 frequentes
1259 2315 1532 2389 coissent,
1557 2316 1818 2378 adhibito
1837 2317 2159 2396 interprete

55 2405 245 2470 ¹talem
290 2403 611 2464 orationem
636 2403 859 2466 habuit.
916 2404 1105 2478 Quum
1134 2421 1204 2464 ex
1233 2403 1474 2486 Europa!
1491 2402 1820 2465 traiicerem
1851 2402 1914 2463 in
1939 2402 2156 2474 Asiam,
2176 2413 2216 2472 7

55 2490 293 2551 ‚multas
318 2488 547 2551 nobiles
572 2498 797 2569 gentes,
832 2508 1104 2569 magnam
1132 2489 1250 2550 vim
1278 2487 1584 2552 hominum
1609 2487 1858 2568 imperio
1895 2505 2030 2547 meo
2063 2503 2159 2547 me

70 2576 409 2639 additurum
434 2594 567 2636 esse
592 2576 925 2656 sperabam.
976 2577 1100 2640 Nec
1127 2575 1413 2655 deceptus
1439 2593 1590 2647 sum,
1619 2573 1778 2653 quod
1807 2573 1881 2632 de
1908 2573 2003 2635 his
2030 2589 2162 2633 cre-

72 2660 192 2721 didi
219 2663 432 2722 ramae.
494 2663 611 2732 Sed
643 2663 717 2723 ad
744 2659 836 2723 illa
866 2664 983 2724 hoc
1007 2680 1240 2742 quoque
1271 2658 1550 2733 accessit,
1587 2660 1744 2739 quod
1771 2658 1944 2720 video
1977 2660 2160 2720 sones
2180 2666 2221 2728 8

70 2747 233 2808 viros
252 2765 396 2826 erga
420 2765 593 2827 regoe
616 2764 761 2810 suos
777 2747 1009 2828 pietatis
1034 2749 1301 2810 invictae.
1347 2747 1513 2808 Luxu
1537 2744 1732 2806 omnia
1755 2745 1946 2806 fluere
1970 2744 2162 2806 credi-
2181 2752 2220 2812 9

74 2834 283 2894 derant
308 2841 371 2894 et
392 2833 569 2896 nimia
594 2835 864 2897 felicitate
890 2835 1075 2914 mergi
1096 2835 1158 2895 in
1185 2835 1536 2912 voluptates.
1580 2833 1654 2892 At
1674 2830 1942 2894 hercules
1963 2831 2166 2894 munia

58 2919 315 2982 ⁴militiae
356 2919 475 2981 hec
521 2920 849 2983 animorum
906 2939 1341 3001 corporumque
1397 2919 1614 2979 robore
1671 2935 1858 2998 aeque
1915 2918 2166 3000 impigre

74 3003 364 3079 toleratis,
390 3013 449 3068 et
470 3025 652 3086 quum
674 3007 859 3070 fortes
884 3007 990 3069 viri
1016 3007 1161 3080 sitiS‚
1197 3025 1320 3068 non
1349 3003 1748 3066 fortitudinem
1775 3004 1963 3082 magis
1991 3017 2168 3084 quam

74 3093 255 3154 iidem
302 3090 507 3154 colitis·
572 3092 703 3155 Hoc
732 3112 843 3174 ego
878 3113 1039 3156 nunc
1070 3093 1322 3173 primum
1357 3091 1666 3170 profiteor,
1701 3091 1807 3152 sed
1847 3091 1990 3154 olim
2025 3086 2167 3148 scio.
2191 3087 2269 3150 1⁰

76 3176 285 3258 ltaque
313 3186 371 3240 et
403 3177 695 3242 delectum
726 3199 759 3241 e
780 3179 947 3242 vohis
978 3177 1271 3242 iuniorum
1298 3176 1477 3238 habui
1513 3183 1572 3236 et
1591 3194 1698 3237 vos
1721 3191 1989 3238 meorum
2016 3169 2169 3232 mili-

78 3273 204 3326 tum
246 3265 486 3345 corpori
516 3265 825 3328 immiscui.
874 3265 1039 3328 ldem
1065 3266 1323 3338 habitus,
1364 3263 1570 3324 eadem
1607 3281 1769 3324 arma
1807 3268 1945 3322 sunt
1969 3254 2167 3332 vobis,

80 3351 436 3430 obsequium
464 3371 607 3414 vero
634 3362 693 3414 et
712 3351 990 3432 patientia
1009 3352 1240 3431 imperii
1258 3353 1434 3428 longe
1452 3347 1850 3428 praestantior
1873 3349 1966 3404 est
1989 3359 2168 3422 quam

80 3437 321 3500 ceteris.
370 3437 528 3519 Ergo
552 3439 682 3518 ipse
710 3436 976 3517 Oxyartis
1001 3435 1217 3502 Persae
1243 3435 1417 3496 filiam
1441 3452 1674 3496 mecum
1699 3433 1760 3492 in
1793 3427 2165 3489 matrimonio
2188 3427 2267 3487 11

80 3523 437 3598 iunxi,-non
474 3525 829 3604 dedignatus
866 3541 935 3583 ex
978 3522 1199 3600 captiva
1241 3520 1460 3582 liberos
1495 3517 1720 3576 tollere.
1780 3512 1915 3572 Mox
1951 3511 2166 3572 deinde
2188 3507 2269 3570 12

80 3627 273 3692 quum
303 3611 551 3692 stirpem
582 3609 821 3691 generis
853 3607 970 3669 mei
1006 3607 1175 3668 latius
1208 3617 1539 3685 propagare
1577 3612 1873 3727 capez-im,
1924 3611 2169 3658 uxorem
