2417 3900
209 110 331 173 166
686 106 785 167 DE
831 104 1092 165 GESTIS
1132 102 1565 163 ALEXANDRI
1607 100 1850 162 MAGNI

206 238 397 293 tortus
419 225 652 299 interiit,
675 224 801 285 initi
823 217 1047 284 consilii
1064 220 1125 282 in
1147 230 1325 300 caput
1343 220 1499 297 regis
1521 220 1820 291 innoxius,
1845 219 1954 282 sed
1971 218 2273 305 baudqua-
2308 280 2316 292 ,

108 327 191 389 22
211 332 385 396 quam
410 314 575 373 aulae
598 318 656 371 et
674 309 1097 371 assentantium
1118 307 1596 370 accommodatus
1617 306 1873 384 ingenio.
1917 306 2122 385 Itaque
2146 306 2277 367 nul-

204 402 319 465 lius
342 399 549 460 caedes
574 396 859 457 maiorem
882 394 1039 472 apud
1062 392 1321 453 Graecos
1340 392 1672 451 Alexandro
1696 390 1962 453 excitavit
1982 391 2274 465 invidiam,

100 499 110 505 ’
210 486 369 565 quod
393 482 723 564 praeditum
748 480 983 560 optimis
1004 478 1270 551 moribus
1295 477 1654 556 artibusque,
1681 496 1716 537 a
1737 496 1856 556 quo
1878 484 2186 537 revocatus
2207 478 2273 538 ad

207 569 384 633 vitam
406 576 547 642 erat,
575 584 754 644 quum
778 567 1083 628 interfecto
1110 563 1255 625 Clito
1284 562 1431 622 mori
1457 572 1878 641 perseveraret,
1907 580 2026 623 non
2053 570 2277 623 tantum

105 665 187 727 23
208 655 503 728 occiderit,
542 652 649 713 sed
676 652 847 713 etiam
873 648 1109 711 torserit
1133 649 1356 709 indicta
1375 649 1608 727 quidem
1637 652 1862 711 caussa.
1928 648 2122 721 Quam
2151 666 2277 709 cru-

92 796 105 811 .
208 742 498 809 delitatem
528 756 660 798 sera
690 736 1049 815 poenitentia
1074 744 1438 812 consequuta
1462 742 1574 813 est.

152 837 187 895 1
338 827 425 887 Ca
440 844 499 904 p.
522 822 623 884 IX.
668 824 787 884 Sed
809 841 888 883 ne
910 821 1093 882 otium
1118 819 1389 881 serendis
1415 818 1748 881 rumoribus
1773 827 1972 879 natum
1999 816 2200 889 aleret,
2219 816 2276 876 in

148 921 187 981 2
207 911 435 973 Indiam
458 909 657 983 movit,
686 926 921 987 semper
944 907 1099 969 bello
1122 924 1302 985 quam
1323 914 1461 984 post
1484 905 1782 966 victoriam
1829 902 2060 982 clarior.
2119 901 2278 962 India

207 1007 329 1059 tota
354 997 539 1056 ferme
562 1002 789 1073 spectat
822 992 1124 1065 orientem,
1165 991 1362 1052 minus
1395 991 1458 1051 in
1483 990 1866 1063 latitudinem,
1909 1006 2085 1067 quam
2121 996 2277 1049 recta

149 1092 188 1152 3
208 1082 449 1160 regione
478 1074 753 1161 spatiosa.
800 1080 959 1152 Quae
986 1086 1250 1139 austrum
1279 1076 1588 1156 accipiunt,
1624 1078 1685 1137 in
1709 1076 1878 1136 altius
1901 1083 2094 1135 terrae
2117 1073 2274 1133 fasti—

210 1168 366 1245 gium
416 1165 730 1239 excedunt,
772 1165 945 1245 plana
988 1172 1131 1225 sunt
1170 1170 1364 1223 cetera
1401 1161 1718 1241 multisque
1754 1160 1969 1224 inclitis
2013 1158 2267 1237 amnibus

129 1262 188 1319 ’4
210 1254 467 1316 Caucaso
498 1248 867 1312 montevortis
894 1250 1186 1327 placidum
1215 1267 1324 1328 per
1349 1264 1590 1327 campos
1611 1248 1724 1309 iter
1745 1246 2054 1327 praebent.
2101 1244 2272 1305 Indus

200 1337 453 1415 gelidior
474 1346 565 1402 est
598 1354 773 1415 quam
796 1336 1000 1396 ceteri:
1048 1350 1232 1414 aquas
1267 1332 1426 1393 vehit
1453 1352 1484 1392 a
1512 1334 1708 1395 colore
1739 1333 1918 1393 maris
1941 1331 2104 1392 haud
2137 1330 2278 1391 mul-

150 1430 331 1501 5gum
354 1423 763 1484 abhorrentes.
830 1420 1081 1500 GangeS,
1124 1419 1382 1479 omnium
1413 1420 1486 1481 ab
1525 1418 1750 1480 oriente
1777 1418 1984 1479 fluvius
2015 1416 2276 1489 eximiae,

206 1510 281 1570 ad
319 1508 703 1571 meridianam
736 1506 1037 1584 regionem
1072 1505 1327 1567 decurrit
1352 1513 1410 1565 et
1441 1523 1790 1583 magnorum
1823 1502 2114 1565 montium
2149 1504 2278 1581 iuga

99 1636 101 1641 ·
147 1598 187 1659 6
204 1602 367 1657 recto
392 1594 555 1654 alveo
578 1592 835 1671 stringit:
878 1592 1019 1652 inde
1043 1609 1177 1651 eum
1202 1590 1464 1651 obiectae
1485 1608 1665 1669 rupes
1685 1589 1967 1674 inclinant
1987 1590 2064 1649 ad
2088 1590 2278 1649 orien-

205 1688 344 1741 tem.
409 1678 600 1756 thue
624 1679 807 1739 rubro
836 1677 985 1737 mari
1020 1676 1318 1754 accipitur,
1359 1676 1590 1751 findens
1615 1677 1774 1754 ripas
1799 1676 2012 1736 multas
2039 1674 2276 1735 arbores

148 1767 187 1827 7
208 1781 342 1826 cum
366 1780 579 1840 magna
603 1761 714 1821 soli
739 1772 905 1839 parte
932 1761 1228 1822 exsorbet.
1274 1760 1441 1822 Saxis
1469 1780 1703 1841 quoque
1731 1761 2048 1845 impeditus
2073 1761 2275 1821 crebro

204 1847 631 1912 reverberatur.
676 1847 787 1905 Ubi
810 1846 1041 1905 mollius
1066 1846 1260 1906 solum
1280 1847 1516 1925 reperit,
1541 1854 1772 1925 stagnat
1790 1846 2134 1924 insulasque
2157 1864 2276 1907 mo·-
2384 1914 2385 1921 ἵ

150 1935 189 1997 8
206 1933 365 1996 litur.
409 1933 691 1994 Acesines
716 1950 847 2008 eum
872 1940 1063 2009 auget.
1112 1930 1388 2010 [Ganges]
1417 1931 1804 1995 decursurum
1830 1930 1889 1993 in
1913 1950 2080 1994 mare
2099 1932 2276 1994 inter-

210 2018 365 2098 cipit,
386 2035 715 2097 magnoque
738 2026 901 2079 motu
926 2015 1114 2078 amnis
1136 2027 1382 2095 uterque
1407 2018 1728 2088 colliditur:
1765 2018 1982 2098 quippe
2007 2017 2274 2097 [Ganges]
2382 2088 2390 2099 ³

128 2171 131 2176 ,
206 2121 483 2183 asperum
536 2123 603 2164 os
644 2103 913 2166 influenti
957 2101 1181 2176 obiici-t,
1229 2118 1342 2164 nec
1382 2107 1765 2182 repercussae
1817 2122 2006 2183 aquae
2047 2105 2276 2166 cedunt.
2387 2121 2392 2172 g·

151 2190 187 2250 9
204 2189 541 2268 Dyardanes
564 2189 761 2250 minus
790 2189 1020 2250 celeber
1042 2188 1245 2249 auditu
1269 2197 1376 2263 est,
1401 2190 1534 2268 quia
1557 2207 1666 2268 per
1687 2190 1886 2252 ultima
1913 2189 2124 2250 Indiae
2151 2207 2274 2250 cur·
2392 2208 2394 2236 2

205 2275 309 2339 rit:
346 2284 604 2340 ceterum
623 2293 743 2336 non
768 2274 1095 2336 crocodilos
1116 2275 1314 2348 modo,
1337 2275 1420 2336 uti
1437 2275 1620 2348 Nilus,
1646 2277 1752 2336 sed
1773 2277 1944 2337 etiam
1969 2275 2274 2355 delphinos

108 2360 553 2440 loignotasque
578 2361 703 2422 aliis
730 2361 999 2438 gentibus
1024 2359 1226 2422 beluas
1255 2361 1370 2422 alit.
1417 2361 1828 2440 ErymanthUS‚
1869 2362 2096 2423 crebris
2123 2361 2276 2424 flexi-

204 2445 317 2506 bus
344 2447 597 2508 subinde
620 2455 907 2518 curvatuS,
934 2447 1007 2506 ab
1030 2446 1244 2507 accolis
1269 2447 1596 2524 rigantibus
1623 2447 1896 2526 carpitur.
1957 2447 2042 2508 Ea
2074 2463 2275 2510 caussa

106 2557 116 2566 ·
208 2541 315 2603 est,
341 2549 445 2595 cur
464 2541 675 2592 tenues
698 2531 972 2610 reliquias
994 2531 1109 2592 iam
1138 2533 1267 2592 sine
1293 2533 1802 2594 nomine-in‘mare
1825 2533 2068 2594 emittat.

110 2622 185 2681 11
332 2615 527 2678 Multis
554 2626 788 2694 praeter
808 2618 921 2678 hos
944 2617 1214 2678 amnibus
1238 2625 1358 2679 tota
1393 2619 1555 2696 regio
1581 2619 1872 2692 dividitur,
1913 2620 2022 2678 sed
2047 2617 2280 2696 ignobi-

107 2703 186 2767 12
206 2698 379 2772 libus,
422 2701 554 2778 quia
580 2720 703 2762 non
732 2702 879 2762 adeo
912 2703 1274 2764 interfluunt.
1345 2705 1614 2764 Ceterum
1643 2703 1796 2782 quae
1820 2705 2104 2784 propiora
2145 2712 2285 2766 sunt

206 2785 371 2856 mari,
414 2786 721 2863 aquilones
746 2785 996 2848 maxime
1030 2787 1311 2850 deurunt:
1349 2789 1411 2849 hi
1441 2789 1678 2850 cohibiti
1713 2791 1866 2868 iugis
1891 2791 2182 2851 montium
2209 2789 2284 2849 ad

108 2873 187 2935 13
206 2869 483 2932 interiora
506 2889 626 2935 non
650 2879 981 2952 penetrant,
1004 2873 1083 2934 ita
1108 2875 1330 2939 alendis
1353 2876 1622 2954 frugibus
1643 2876 1834 2936 mites.
1897 2877 2017 2936 Sed
2041 2877 2202 2936 adeo
2223 2875 2288 2936 in

206 2955 303 3015 illa
336 2956 505 3034 plaga
538 2958 794 3021 mundus
831 2966 1009 3019 statas
1034 2968 1365 3038 temporum
1403 2961 1558 3022 vices
1583 2971 1788 3034 mutat,
1829 2969 1912 3033 ut,
1959 2979 2146 3038 quum
2173 2961 2288 3020 alia

206 3042 435 3105 fervore
460 3042 600 3104 solis
628 3049 983 3117 exaestuant,
1023 3044 1248 3106 Indiam
1287 3045 1450 3108 nives
1477 3048 1747 3120 obruant,
1789 3063 2141 3124 rursusque,
2181 3044 2290 3106 ubi

208 3138 399 3188 cetera
426 3127 631 3207 rigent,
659 3130 775 3190 illic
798 3127 1205 3190 intolerandus
1233 3141 1428 3192 aestus
1454 3132 1710 3194 exsistat.
1755 3131 1878 3192 Nec
1913 3132 2158 3211 aperuit
2175 3149 2292 3192 na-

107 3212 187 3272 14
205 3218 335 3272 tura
356 3231 639 3276 caussam.
685 3214 847 3274 Mare
868 3222 1045 3287 certe,
1068 3232 1185 3292 quo
1204 3217 1453 3291 alluitur,
1476 3237 1554 3280 ne
1579 3219 1775 3279 colore
1793 3218 2032 3296 quidem
2057 3217 2292 3279 abhor-

204 3306 346 3358 reta
368 3300 597 3365 ceteris,
638 3300 727 3363 Ab
747 3299 995 3376 Erythro
1018 3318 1159 3377 rege
1174 3298 1420 3362 inditum
1441 3313 1534 3366 est
1555 3322 1804 3364 nomen:
1845 3311 2099 3384 propter
2121 3302 2290 3383 quod

105 3379 401 3458 lfiignari·
424 3387 640 3448 rubere
674 3403 855 3464 aquas
892 3385 1157 3446 credunt.
1225 3386 1408 3448 Terra
1436 3388 1540 3449 lini
1570 3389 1762 3450 ferax:
1799 3389 1941 3450 inde
1971 3389 2291 3469 plerisque

204 3477 345 3530 sunt
376 3481 589 3536 vestes.
640 3468 859 3534 'Liberi
890 3471 1164 3532 arborum
1207 3473 1390 3532 teneri
1431 3474 1588 3534 haud
1623 3492 1794 3535 secus
1828 3493 2002 3554 quam
2041 3475 2292 3537 chartae

106 3546 187 3623 lo
200 3550 498 3616 literarum
524 3566 697 3622 notas
724 3555 978 3637 capiunt.
1020 3559 1171 3618 Aves
1198 3559 1272 3618 ad
1299 3558 1642 3621 imitandum
1665 3561 1960 3622 humanae
1981 3560 2154 3624 vocis
2179 3579 2292 3622 so-
