2417 3900
163 125 202 163 ,.
261 91 346 152 18
482 124 491 128 -
722 89 823 150 ns
867 33 1128 152 ens'ris
1168 87 1600 150 ALEXANDRI
1634 84 1878 148 MAGNI
1950 62 1965 72 “

260 211 369 272 ιιιιι
398 207 612 269 deinde
639 225 704 266 se
728 207 922 267 laxare
947 205 1112 269 sinus
1143 205 1433 266 montium
1477 213 1535 266 et
1570 204 1757 264 maius
1797 201 2051 282 spatium
2086 205 2326 283 aperire

175 351 184 372 ,
266 301 604 374 coeperant,
633 292 711 371 ita
738 302 803 353 ut
823 311 946 353 non
972 291 1155 370 pedes
1179 292 1369 352 solum
1399 289 1663 369 pluribus
1690 286 1998 348 ordinibu‘s
2022 288 2325 366 incedere,

265 381 377 442 sed
407 381 582 438 etiam
606 395 639 436 a
667 377 944 439 lateribus
973 375 1358 438 circumfundi
1382 383 1589 456 posset
1606 374 1915 452 equitatuS.

208 473 244 535 1
397 466 485 526 Ca
501 482 559 542 p.
603 464 676 524 X.
761 463 884 523 Iam
916 461 979 522 in
1017 473 1355 540 conspectu,
1398 460 1506 522 sed
1530 467 1691 521 extra
1715 459 1814 521 teli
1834 458 2051 520 iactum
2076 467 2325 538 utraque

266 551 422 611 acies
458 555 609 621 erat,
657 567 838 627 quum
875 547 1104 626 priores
1137 547 1357 608 Persae
1392 544 1760 607 inconditum
1782 552 1841 606 et
1874 552 2099 604 trucem
2124 554 2325 606 sustu-

205 645 245 706 2
267 637 388 696 lere
420 635 752 695 clamorem.
819 634 1105 694 Redditur
1143 640 1203 693 et
1233 650 1268 692 a
1303 631 1761 705 MacedonibuS,
1803 629 1993 714 maior
2035 630 2325 691 exercitus

266 738 536 793 numero,
562 719 714 796 iugis
741 719 1027 788 montium
1051 719 1351 798 vastisque
1376 717 1623 779 saltibus
1644 709 2059 796 repercussus:
2106 715 2337 795 quippe

268 824 506 884 semper
540 803 907 865 circumiecta
943 821 1185 865 nemora
1224 811 1575 882 petraeque,
1622 810 2133 881 quantamcunque
2156 819 2326 862 acce-

204 895 248 956 3
267 909 410 970 pere
438 907 661 961 vocem,
707 889 1098 972 multiplicato
1117 906 1269 949 sono
1288 889 1571 950 referunt.
1614 887 1948 948 Alexander
1974 893 2107 947 ante
2130 885 2328 982 prima
2381 919 2382 926 ι

269 976 438 1053 signa
463 974 586 1035 ibat
607 973 931 1036 identidem
957 993 1136 1036 manu
1165 991 1308 1036 suos
1334 973 1637 1047 inhibenS,
1682 991 1761 1034 ne
1786 971 2091 1052 suspensi,
2134 971 2329 1032 acrius

270 1062 347 1121 ob
385 1059 623 1121 nimiam
659 1059 1092 1121 festinationem
1131 1058 1421 1130 concitato
1456 1056 1696 1138 spiritu,
1742 1064 2119 1136 capesserent
2152 1075 2329 1136 proe-

206 1147 432 1210 41ἰιιιιι.
521 1145 832 1224 Quumque
859 1145 1076 1224 agmini
1097 1145 1481 1226 obequitaret,
1527 1142 1685 1204 varia
1720 1142 2001 1216 oratione,
2046 1151 2113 1204 ut
2130 1141 2328 1203 cuius-

269 1249 386 1310 que
415 1215 624 1292 animis
652 1239 854 1310 aptum
880 1239 1032 1305 erat,
1075 1230 1291 1293 milites
1323 1229 1745 1309 alloquebatur.
1807 1228 2197 1300 Μειοειιδιιεε,
2244 1235 2330 1288 ιοι

269 1318 304 1377 l.
317 1315 600 1376 allorum
584 1334 646 1376 ιιι
671 1315 909 1413 Europa
933 1317 1202 1391 victores,
1254 1317 1329 1377 ad
1366 1315 1753 1394 subigendam
1774 1308 1971 1375 Asiam
2000 1322 2173 1392 atque
2201 1312 2331 1373 ulti-

268 1420 364 1462 ma
395 1401 638 1460 orientis
664 1420 788 1463 non
827 1401 1014 1482 ipsius
1035 1400 1222 1480 magis
1250 1420 1426 1482 quam
1452 1420 1557 1463 suo
1586 1401 1763 1462 ductu
1798 1399 2061 1478 profecti,
2104 1399 2331 1460 invete-

211 1496 252 1556 5
270 1496 430 1548 ratae
466 1485 690 1552 virtutis
734 1487 1223 1551 admonebantur.
1290 1486 1429 1547 Illos
1464 1497 1752 1548 terrarum
1790 1484 1951 1546 orbis
1984 1484 2328 1545 liberatores

272 1589 664 1650 emensosque
701 1571 838 1633 olim
861 1572 1126 1633 Herculis
1155 1579 1216 1632 et
1232 1571 1431 1633 Liberi
1452 1571 1637 1650 patris
1663 1570 1947 1632 terminos
1974 1587 2097 1631 non
2128 1567 2331 1630 Persis

270 1657 471 1728 modo,
516 1656 624 1716 sed
652 1655 828 1718 etiam
854 1656 1128 1718 omnibus
1149 1656 1422 1733 gentihus
1454 1654 1833 1734 imposituros
1858 1655 2088 1735 iugum:
2140 1654 2338 1714 Mace-'

273 1741 496 1801 donum
520 1740 852 1821 provincias
863 1741 1076 1804 Bactra
1098 1748 1158 1801 et
1173 1739 1356 1802 Indos
1377 1741 1522 1802 fore.
1564 1739 1800 1802 Minima
1824 1759 1981 1814 esse,
1998 1757 2153 1820 quae
2176 1757 2333 1802 nunc

211 1826 682 1901 fiintuerentur3
739 1826 848 1887 sed
889 1824 1086 1890 omnia
1131 1825 1375 1888 victoria
1413 1825 1647 1905 aperiri.
1714 1825 1849 1887 Non
1890 1826 1950 1887 in
1999 1825 2333 1906 praeruptis

271 1911 457 1991 petris
485 1909 813 1989 Illyriorum
840 1919 900 1973 et
919 1911 1203 1974 Thraciae
1230 1910 1387 1973 saxis
1410 1910 1667 1973 sterilem
1686 1911 1948 1974 laborem
1972 1913 2118 1985 fore,
2146 1911 2333 1991 spolia

275 1998 456 2058 totius
493 1996 736 2058 orientis
769 1997 988 2059 offerri.
1048 1996 1154 2059 Vix
1181 1997 1373 2075 gladio
1416 1999 1675 2058 futurum
1705 2016 1890 2076 opus,
1934 2005 2116 2059 totam
2153 1998 2335 2058 aciem

214 2088 258 2150 7
279 2103 386 2144 5ιιο
421 2100 641 2162 pavore
675 2083 1052 2145 fluctuantem
1079 2082 1436 2144 umbonibus
1476 2100 1654 2161 posse
1688 2083 1957 2161 propelli.
2024 2084 2223 2144 Victor
2261 2083 2334 2143 ad

273 2170 421 2231 haec
457 2166 903 2232 Atheniensium
949 2168 1259 2249 Philippus
1296 2175 1463 2247 pater
1503 2167 1907 2243 invocabatur,
1966 2168 2335 2247 domitaeque

275 2272 471 2333 nuper
491 2253 784 2315 Boeotiae
827 2262 887 2317 et
916 2253 1080 2317 urbis
1123 2253 1183 2316 ιιι
1222 2272 1287 2315 ea
1317 2252 1717 2314 nobilissimae
1766 2254 1841 2315 ad
1880 2254 2071 2315 solum
2106 2254 2335 2319 dirutae

279 2340 510 2419 species
534 2341 1094 2419 repraesentabatur
1116 2338 1345 2401 animis.
1426 2338 1548 2399 Iam
1575 2338 1887 2400 Granicum
1915 2356 2176 2414 amnem,
2218 2340 2334 2400 iam

277 2434 367 2485 tot
383 2425 562 2486 urbes
582 2434 684 2487 aut
698 2435 1068 2505 expugnatas
1089 2434 1190 2487 aut
1214 2425 1274 2485 in
1300 2425 1479 2485 fidem
1502 2432 1772 2502 acceptas
1797 2424 2137 2504 omniaque,
2186 2443 2337 2504 quae
2381 2464 2382 2495 2

279 2517 418 2590 post
443 2518 671 2587 tergum
707 2520 902 2585 erant,
946 2520 1126 2572 strata
1163 2516 1222 2569 et
1248 2510 1498 2589 pedibus
1522 2510 1785 2588 ipsorum
1828 2510 2089 2571 subiecta
2111 2528 2338 2570 memo-

218 2606 262 2669 8
279 2595 466 2656 rabat.
514 2595 708 2668 Quum
735 2596 958 2656 adierat
977 2594 1249 2668 Graecos,
1275 2595 1645 2667 admonebat,
1671 2595 1743 2655 ab
1769 2594 1861 2657 his
1886 2595 2159 2673 gentibus
2182 2595 2340 2655 illata

283 2679 561 2741 Graeciae
608 2679 763 2748 bella
799 2679 972 2741 Darei
1018 2679 1211 2760 priuS,
1255 2680 1470 2741 deinde
1495 2680 1704 2743 Xerxis
1746 2679 2080 2754 insolentia,
2127 2699 2339 2759 aquam

279 2768 444 2845 ipsos
491 2774 828 2844 terramque
861 2764 1248 2845 poscentium,
1294 2774 1360 2827 ut
1397 2783 1591 2844 neque
1629 2766 1877 2827 fontium
1916 2767 2190 2827 haustum
2227 2785 2341 2827 nec

221 2860 262 2921 9
286 2852 490 2913 501ιιο5
515 2850 680 2911 cibos
701 2851 1119 2938 relinquerent.
1161 2850 1251 2910 Ab
1275 2850 1366 2911 his
1392 2852 1608 2929 templa
1634 2852 1819 2913 ruinis
1852 2859 1911 2913 et
1935 2850 2169 2930 ignibus
2202 2870 2340 2911 esse
2381 2858 2382 2935 ὲ

282 2938 490 3009 deleta,
515 2936 692 2998 urbes
717 2954 922 2998 eorum
950 2928 1329 3017 expugnatas,
1352 2936 1594 2997 foedera
1616 2936 1856 2998 humani
1882 2938 2212 3018 divinique
2196 2937 2343 2997 turis
2381 2942 2382 2983 ἐ

279 3023 493 3084 violata
522 3021 834 3083 referebat.
879 3022 1102 3104 Illyrios
1126 3040 1268 3081 vero
1295 3030 1353 3082 et
1380 3021 1635 3083 Thracas
1657 3032 1837 3121 rapto
1853 3023 2049 3085 vivere
2072 3030 2342 3085 assuetos

283 3109 466 3169 aciem
508 3107 769 3168 hostium
793 3122 955 3170 auro
1011 3110 1391 3189 purpuraque
1440 3108 1763 3185 fulgentem
1820 3108 2037 3170 intueri
2080 3108 2343 3177 iubebat,

185 3196 266 3257 10
285 3195 595 3291 praedam,
641 3211 762 3254 non
803 3212 964 3255 arma
1006 3201 1352 3271 gestantem.
1414 3192 1574 3253 Irent
1622 3201 1679 3255 et
1724 3194 2057 3257 imbellibus
2107 3194 2343 3256 feminis

286 3298 488 3341 aurum
508 3298 615 3340 vm
629 3278 944 3357 eriperent
989 3280 1210 3359 Aspera
1243 3277 1528 3341 montium
1576 3296 1816 3339 suorum
1860 3279 1995 3359 iuga
2025 3280 2343 3358 nudosque

288 3366 466 3427 colles
494 3373 554 3426 et
576 3373 862 3449 perpetuo
887 3365 1145 3444 rigentes
1169 3364 1305 3445 gelu
1328 3362 1541 3426 ditibus
1567 3362 1879 3427 Persarum
1904 3364 2125 3445 campis
2154 3365 2346 3443 agris-

287 3470 403 3527 que
426 3458 739 3513 mutarent.

226 3532 270 3593 1
419 3536 583 3617 Cap.
607 3536 706 3601 XI.
767 3535 890 3597 Iam
917 3534 990 3596 ad
1015 3534 1116 3596 teli
1138 3530 1352 3596 iactum
1373 3540 1783 3614 pervenerant,
1828 3553 2005 3615 quum
2024 3533 2343 3597 Persarum
