<?xml version="1.0" encoding="UTF-8"?>
<!DOCTYPE html PUBLIC "-//W3C//DTD XHTML 1.0 Transitional//EN"
    "http://www.w3.org/TR/xhtml1/DTD/xhtml1-transitional.dtd">
<html xmlns="http://www.w3.org/1999/xhtml" xml:lang="en" lang="en">
 <head>
  <title>
</title>
<meta http-equiv="Content-Type" content="text/html;charset=utf-8" />
  <meta name='ocr-system' content='tesseract 3.04.00' />
  <meta name='ocr-capabilities' content='ocr_page ocr_carea ocr_par ocr_line ocrx_word'/>
</head>
<body>
  <div class='ocr_page' id='page_1' title='image "./qcurtiirufidege00kochgoog_0067.png"; bbox 0 0 2417 3900; ppageno 0'>
   <div class='ocr_carea' id='block_1_1' title="bbox 177 23 1785 140">
    <p class='ocr_par' dir='ltr' id='par_1_1' title="bbox 177 23 1785 140">
     <span class='ocr_line' id='line_1_1' title="bbox 177 23 1785 140; baseline -0.009 -1"><span class='ocrx_word' id='word_1_1' title='bbox 177 79 260 140; x_wconf 81' lang='lat'><strong>60</strong></span> <span class='ocrx_word' id='word_1_2' title='bbox 318 23 326 32; x_wconf 29' lang='lat'><em>⁶</em></span> <span class='ocrx_word' id='word_1_3' title='bbox 619 75 718 137; x_wconf 85' lang='lat' dir='ltr'><strong>DE</strong></span> <span class='ocrx_word' id='word_1_4' title='bbox 764 71 1028 134; x_wconf 86' lang='lat' dir='ltr'>GESTIS</span> <span class='ocrx_word' id='word_1_5' title='bbox 1074 65 1503 134; x_wconf 77' lang='lat' dir='ltr'><strong>ALExANnm</strong></span> <span class='ocrx_word' id='word_1_6' title='bbox 1546 64 1785 126; x_wconf 72' lang='lat' dir='ltr'><strong>MAGNI</strong></span> 
     </span>
    </p>
   </div>
   <div class='ocr_carea' id='block_1_2' title="bbox 78 179 2272 1896">
    <p class='ocr_par' dir='ltr' id='par_1_2' title="bbox 78 179 2250 530">
     <span class='ocr_line' id='line_1_2' title="bbox 78 179 2242 276; baseline -0.008 -19"><span class='ocrx_word' id='word_1_7' title='bbox 78 205 156 264; x_wconf 83' lang='lat'><strong>12</strong></span> <span class='ocrx_word' id='word_1_8' title='bbox 177 192 522 276; x_wconf 88' lang='lat' dir='ltr'><strong>pignoribus</strong></span> <span class='ocrx_word' id='word_1_9' title='bbox 559 208 806 271; x_wconf 88' lang='lat' dir='ltr'><strong>corpora</strong></span> <span class='ocrx_word' id='word_1_10' title='bbox 847 187 1224 268; x_wconf 87' lang='lat' dir='ltr'><strong>opponimus.</strong></span> <span class='ocrx_word' id='word_1_11' title='bbox 1313 184 1487 258; x_wconf 85' lang='lat' dir='ltr'><strong>Quod</strong></span> <span class='ocrx_word' id='word_1_12' title='bbox 1526 201 1789 246; x_wconf 86' lang='lat' dir='ltr'><strong>mearum</strong></span> <span class='ocrx_word' id='word_1_13' title='bbox 1821 179 1929 240; x_wconf 81' lang='lat' dir='ltr'><strong>fuit</strong></span> <span class='ocrx_word' id='word_1_14' title='bbox 1948 179 2242 262; x_wconf 76' lang='lat' dir='ltr'><strong>partium,</strong></span> 
     </span>
     <span class='ocr_line' id='line_1_3' title="bbox 181 269 2246 357; baseline -0.007 -16"><span class='ocrx_word' id='word_1_15' title='bbox 181 278 518 352; x_wconf 87' lang='lat' dir='ltr'><strong>exercitum,</strong></span> <span class='ocrx_word' id='word_1_16' title='bbox 552 295 724 356; x_wconf 90' lang='lat' dir='ltr'><strong>quem</strong></span> <span class='ocrx_word' id='word_1_17' title='bbox 752 293 941 357; x_wconf 89' lang='lat' dir='ltr'><strong>paene</strong></span> <span class='ocrx_word' id='word_1_18' title='bbox 963 274 1254 336; x_wconf 85' lang='lat' dir='ltr'><strong>immensa</strong></span> <span class='ocrx_word' id='word_1_19' title='bbox 1284 269 1555 352; x_wconf 83' lang='lat' dir='ltr'><strong>planities</strong></span> <span class='ocrx_word' id='word_1_20' title='bbox 1579 269 1676 330; x_wconf 87' lang='lat' dir='ltr'><strong>vix</strong></span> <span class='ocrx_word' id='word_1_21' title='bbox 1700 273 1955 348; x_wconf 86' lang='lat' dir='ltr'><strong>caperet,</strong></span> <span class='ocrx_word' id='word_1_22' title='bbox 1999 284 2246 346; x_wconf 86' lang='lat' dir='ltr'><strong>compa-</strong></span> 
     </span>
     <span class='ocr_line' id='line_1_4' title="bbox 167 351 2249 444; baseline -0.008 -16"><span class='ocrx_word' id='word_1_23' title='bbox 167 365 325 428; x_wconf 73' lang='lat' dir='ltr'><strong>&#39;ravi:</strong></span> <span class='ocrx_word' id='word_1_24' title='bbox 362 382 568 444; x_wconf 88' lang='lat' dir='ltr'><strong>equos,</strong></span> <span class='ocrx_word' id='word_1_25' title='bbox 603 381 764 424; x_wconf 89' lang='lat' dir='ltr'><strong>arma</strong></span> <span class='ocrx_word' id='word_1_26' title='bbox 797 361 1099 434; x_wconf 81' lang='lat' dir='ltr'>distribui:</span> <span class='ocrx_word' id='word_1_27' title='bbox 1131 365 1513 430; x_wconf 71' lang='lat' dir='ltr'><strong>commeatus»,</strong></span> <span class='ocrx_word' id='word_1_28' title='bbox 1546 374 1623 418; x_wconf 89' lang='lat' dir='ltr'><strong>ne</strong></span> <span class='ocrx_word' id='word_1_29' title='bbox 1650 363 1849 416; x_wconf 88' lang='lat' dir='ltr'><strong>tantae</strong></span> <span class='ocrx_word' id='word_1_30' title='bbox 1880 351 2249 414; x_wconf 80' lang='lat' dir='ltr'>multitudini</span> 
     </span>
     <span class='ocr_line' id='line_1_5' title="bbox 179 437 2250 530; baseline -0.008 -16"><span class='ocrx_word' id='word_1_31' title='bbox 179 454 471 524; x_wconf 78' lang='lat' dir='ltr'><strong>deessent,</strong></span> <span class='ocrx_word' id='word_1_32' title='bbox 506 447 767 530; x_wconf 82' lang='lat' dir='ltr'>providi:</span> <span class='ocrx_word' id='word_1_33' title='bbox 800 446 1014 522; x_wconf 88' lang='lat' dir='ltr'><strong>locum,</strong></span> <span class='ocrx_word' id='word_1_34' title='bbox 1055 445 1118 508; x_wconf 91' lang='lat' dir='ltr'><strong>in</strong></span> <span class='ocrx_word' id='word_1_35' title='bbox 1153 463 1271 524; x_wconf 88' lang='lat' dir='ltr'><strong>quo</strong></span> <span class='ocrx_word' id='word_1_36' title='bbox 1310 442 1467 504; x_wconf 89' lang='lat' dir='ltr'><strong>acies</strong></span> <span class='ocrx_word' id='word_1_37' title='bbox 1500 441 1774 522; x_wconf 85' lang='lat' dir='ltr'><strong>explicari</strong></span> <span class='ocrx_word' id='word_1_38' title='bbox 1807 447 2034 518; x_wconf 88' lang='lat' dir='ltr'><strong>posset,</strong></span> <span class='ocrx_word' id='word_1_39' title='bbox 2074 437 2250 517; x_wconf 82' lang='lat' dir='ltr'><strong>elegi.</strong></span> 
     </span>
    </p>

    <p class='ocr_par' dir='ltr' id='par_1_3' title="bbox 79 525 2252 708">
     <span class='ocr_line' id='line_1_6' title="bbox 79 525 2252 614; baseline -0.009 -10"><span class='ocrx_word' id='word_1_40' title='bbox 79 543 157 604; x_wconf 86' lang='lat'><strong>13</strong></span> <span class='ocrx_word' id='word_1_41' title='bbox 178 539 383 600; x_wconf 83' lang='lat' dir='ltr'><strong>Cetera</strong></span> <span class='ocrx_word' id='word_1_42' title='bbox 411 535 475 606; x_wconf 83' lang='lat' dir='ltr'><strong>in</strong></span> <span class='ocrx_word' id='word_1_43' title='bbox 499 543 694 596; x_wconf 87' lang='lat' dir='ltr'><strong>vestra</strong></span> <span class='ocrx_word' id='word_1_44' title='bbox 728 541 1019 614; x_wconf 79' lang='lat' dir='ltr'><strong>potestate</strong></span> <span class='ocrx_word' id='word_1_45' title='bbox 1052 539 1224 594; x_wconf 89' lang='lat' dir='ltr'><strong>sunt:</strong></span> <span class='ocrx_word' id='word_1_46' title='bbox 1262 529 1475 590; x_wconf 89' lang='lat' dir='ltr'><strong>audete</strong></span> <span class='ocrx_word' id='word_1_47' title='bbox 1498 529 1681 589; x_wconf 91' lang='lat' dir='ltr'><strong>modo</strong></span> <span class='ocrx_word' id='word_1_48' title='bbox 1704 527 1959 598; x_wconf 77' lang='lat' dir='ltr'><strong>vincere,</strong></span> <span class='ocrx_word' id='word_1_49' title='bbox 1994 525 2252 586; x_wconf 82' lang='lat' dir='ltr'><strong>famam·-</strong></span> 
     </span>
     <span class='ocr_line' id='line_1_7' title="bbox 179 610 2141 708; baseline -0.008 -22"><span class='ocrx_word' id='word_1_50' title='bbox 179 643 310 708; x_wconf 89' lang='lat' dir='ltr'><strong>que,</strong></span> <span class='ocrx_word' id='word_1_51' title='bbox 333 619 798 682; x_wconf 86' lang='lat' dir='ltr'><strong>infirmissimum</strong></span> <span class='ocrx_word' id='word_1_52' title='bbox 823 620 1107 682; x_wconf 86' lang='lat' dir='ltr'><strong>adversus</strong></span> <span class='ocrx_word' id='word_1_53' title='bbox 1135 617 1317 678; x_wconf 84' lang='lat' dir='ltr'><strong>fortes</strong></span> <span class='ocrx_word' id='word_1_54' title='bbox 1341 613 1499 676; x_wconf 86' lang='lat' dir='ltr'><strong>viros</strong></span> <span class='ocrx_word' id='word_1_55' title='bbox 1527 614 1725 688; x_wconf 87' lang='lat' dir='ltr'><strong>telum,</strong></span> <span class='ocrx_word' id='word_1_56' title='bbox 1754 610 2141 674; x_wconf 77' lang='lat' dir='ltr'><strong>contemnite.</strong></span> 
     </span>
    </p>

    <p class='ocr_par' dir='ltr' id='par_1_4' title="bbox 177 693 2257 874">
     <span class='ocr_line' id='line_1_8' title="bbox 305 693 2257 784; baseline -0.007 -17"><span class='ocrx_word' id='word_1_57' title='bbox 305 705 630 768; x_wconf 81' lang='lat' dir='ltr'><strong>Temeritas</strong></span> <span class='ocrx_word' id='word_1_58' title='bbox 663 713 771 780; x_wconf 89' lang='lat' dir='ltr'><strong>est,</strong></span> <span class='ocrx_word' id='word_1_59' title='bbox 805 706 980 784; x_wconf 81' lang='lat' dir='ltr'><strong>quam</strong></span> <span class='ocrx_word' id='word_1_60' title='bbox 1011 703 1206 764; x_wconf 89' lang='lat' dir='ltr'><strong>adhuc</strong></span> <span class='ocrx_word' id='word_1_61' title='bbox 1234 719 1347 782; x_wconf 88' lang='lat' dir='ltr'><strong>pro</strong></span> <span class='ocrx_word' id='word_1_62' title='bbox 1374 700 1583 763; x_wconf 85' lang='lat' dir='ltr'><strong>virtute</strong></span> <span class='ocrx_word' id='word_1_63' title='bbox 1614 697 1919 761; x_wconf 78' lang='lat' dir='ltr'><strong>timuistis:</strong></span> <span class='ocrx_word' id='word_1_64' title='bbox 1960 715 2117 777; x_wconf 87' lang='lat' dir='ltr'><strong>quae</strong></span> <span class='ocrx_word' id='word_1_65' title='bbox 2148 693 2257 756; x_wconf 88' lang='lat' dir='ltr'><strong>ubi</strong></span> 
     </span>
     <span class='ocr_line' id='line_1_9' title="bbox 177 781 2257 874; baseline -0.006 -20"><span class='ocrx_word' id='word_1_66' title='bbox 177 793 436 874; x_wconf 87' lang='lat' dir='ltr'><strong>primum</strong></span> <span class='ocrx_word' id='word_1_67' title='bbox 456 792 740 871; x_wconf 87' lang='lat' dir='ltr'><strong>impetum</strong></span> <span class='ocrx_word' id='word_1_68' title='bbox 767 788 988 862; x_wconf 84' lang='lat' dir='ltr'><strong>effudit,</strong></span> <span class='ocrx_word' id='word_1_69' title='bbox 1011 789 1168 850; x_wconf 80' lang='lat' dir='ltr'><strong>velut</strong></span> <span class='ocrx_word' id='word_1_70' title='bbox 1193 786 1483 866; x_wconf 85' lang='lat' dir='ltr'><strong>quaedam</strong></span> <span class='ocrx_word' id='word_1_71' title='bbox 1505 784 1774 848; x_wconf 89' lang='lat' dir='ltr'><strong>animalia</strong></span> <span class='ocrx_word' id='word_1_72' title='bbox 1796 783 2016 844; x_wconf 85' lang='lat' dir='ltr'><strong>amisso</strong></span> <span class='ocrx_word' id='word_1_73' title='bbox 2040 781 2257 844; x_wconf 90' lang='lat' dir='ltr'><strong>aculeo</strong></span> 
     </span>
    </p>

    <p class='ocr_par' dir='ltr' id='par_1_5' title="bbox 79 867 2263 1210">
     <span class='ocr_line' id='line_1_10' title="bbox 79 867 2260 956; baseline -0.007 -14"><span class='ocrx_word' id='word_1_74' title='bbox 79 882 162 942; x_wconf 80' lang='lat'><strong>14</strong></span> <span class='ocrx_word' id='word_1_75' title='bbox 180 885 396 956; x_wconf 90' lang='lat' dir='ltr'><strong>torpet.</strong></span> <span class='ocrx_word' id='word_1_76' title='bbox 459 877 532 936; x_wconf 90' lang='lat' dir='ltr'><strong>Hi</strong></span> <span class='ocrx_word' id='word_1_77' title='bbox 555 895 697 936; x_wconf 78' lang='lat' dir='ltr'><strong>vero</strong></span> <span class='ocrx_word' id='word_1_78' title='bbox 726 875 917 953; x_wconf 85' lang='lat' dir='ltr'><strong>campi</strong></span> <span class='ocrx_word' id='word_1_79' title='bbox 943 872 1387 954; x_wconf 83' lang='lat' dir='ltr'><strong>deprehendere</strong></span> <span class='ocrx_word' id='word_1_80' title='bbox 1410 871 1783 950; x_wconf 78' lang='lat' dir='ltr'><strong>paucitatem,</strong></span> <span class='ocrx_word' id='word_1_81' title='bbox 1812 887 1988 950; x_wconf 88' lang='lat' dir='ltr'><strong>quam</strong></span> <span class='ocrx_word' id='word_1_82' title='bbox 2017 867 2260 930; x_wconf 78' lang='lat' dir='ltr'><strong>Ciliciae</strong></span> 
     </span>
     <span class='ocr_line' id='line_1_11' title="bbox 181 958 2255 1034; baseline -0.004 -11"><span class='ocrx_word' id='word_1_83' title='bbox 181 969 414 1024; x_wconf 89' lang='lat' dir='ltr'><strong>montes</strong></span> <span class='ocrx_word' id='word_1_84' title='bbox 448 961 900 1034; x_wconf 80' lang='lat' dir='ltr'><strong>absconderant.</strong></span> <span class='ocrx_word' id='word_1_85' title='bbox 957 959 1174 1020; x_wconf 89' lang='lat' dir='ltr'><strong>Videtis</strong></span> <span class='ocrx_word' id='word_1_86' title='bbox 1214 958 1451 1021; x_wconf 86' lang='lat' dir='ltr'><strong>ordines</strong></span> <span class='ocrx_word' id='word_1_87' title='bbox 1490 975 1691 1030; x_wconf 88' lang='lat' dir='ltr'><strong>raros,</strong></span> <span class='ocrx_word' id='word_1_88' title='bbox 1730 973 1950 1018; x_wconf 89' lang='lat' dir='ltr'><strong>cornua</strong></span> <span class='ocrx_word' id='word_1_89' title='bbox 1988 961 2255 1028; x_wconf 84' lang='lat' dir='ltr'><strong>extenta,</strong></span> 
     </span>
     <span class='ocr_line' id='line_1_12' title="bbox 184 1038 2263 1121; baseline -0.005 -11"><span class='ocrx_word' id='word_1_90' title='bbox 184 1047 439 1110; x_wconf 86' lang='lat' dir='ltr'><strong>mediam</strong></span> <span class='ocrx_word' id='word_1_91' title='bbox 475 1045 658 1108; x_wconf 88' lang='lat' dir='ltr'><strong>aciem</strong></span> <span class='ocrx_word' id='word_1_92' title='bbox 699 1057 936 1116; x_wconf 85' lang='lat' dir='ltr'><strong>vanam,</strong></span> <span class='ocrx_word' id='word_1_93' title='bbox 980 1045 1351 1108; x_wconf 86' lang='lat' dir='ltr'><strong>exhaustam:</strong></span> <span class='ocrx_word' id='word_1_94' title='bbox 1405 1061 1541 1106; x_wconf 86' lang='lat' dir='ltr'><strong>nam</strong></span> <span class='ocrx_word' id='word_1_95' title='bbox 1578 1041 1794 1114; x_wconf 87' lang='lat' dir='ltr'><strong>ultimi,</strong></span> <span class='ocrx_word' id='word_1_96' title='bbox 1842 1059 1993 1121; x_wconf 87' lang='lat' dir='ltr'><strong>quos</strong></span> <span class='ocrx_word' id='word_1_97' title='bbox 2040 1038 2263 1102; x_wconf 79' lang='lat' dir='ltr'><strong>locavit</strong></span> 
     </span>
     <span class='ocr_line' id='line_1_13' title="bbox 185 1128 2262 1210; baseline -0.004 -16"><span class='ocrx_word' id='word_1_98' title='bbox 185 1152 444 1204; x_wconf 88' lang='lat' dir='ltr'><strong>aversos,</strong></span> <span class='ocrx_word' id='word_1_99' title='bbox 492 1141 656 1210; x_wconf 86' lang='lat' dir='ltr'><strong>terga</strong></span> <span class='ocrx_word' id='word_1_100' title='bbox 697 1131 811 1192; x_wconf 85' lang='lat' dir='ltr'><strong>iam</strong></span> <span class='ocrx_word' id='word_1_101' title='bbox 846 1132 1154 1210; x_wconf 88' lang='lat' dir='ltr'><strong>praebent.</strong></span> <span class='ocrx_word' id='word_1_102' title='bbox 1201 1128 1407 1191; x_wconf 86' lang='lat' dir='ltr'><strong>Obteri</strong></span> <span class='ocrx_word' id='word_1_103' title='bbox 1440 1128 1779 1191; x_wconf 87' lang='lat' dir='ltr'><strong>mehercule</strong></span> <span class='ocrx_word' id='word_1_104' title='bbox 1810 1145 2105 1207; x_wconf 84' lang='lat' dir='ltr'><strong>equorum</strong></span> <span class='ocrx_word' id='word_1_105' title='bbox 2142 1144 2262 1186; x_wconf 85' lang='lat' dir='ltr'><strong>un-</strong></span> 
     </span>
    </p>

    <p class='ocr_par' dir='ltr' id='par_1_6' title="bbox 87 1211 2266 1300">
     <span class='ocr_line' id='line_1_14' title="bbox 87 1211 2266 1300; baseline -0.004 -19"><span class='ocrx_word' id='word_1_106' title='bbox 87 1227 166 1288; x_wconf 83' lang='grc'><strong>15</strong></span> <span class='ocrx_word' id='word_1_107' title='bbox 187 1218 336 1300; x_wconf 87' lang='lat' dir='ltr'><strong>gulis</strong></span> <span class='ocrx_word' id='word_1_108' title='bbox 362 1226 634 1298; x_wconf 89' lang='lat' dir='ltr'><strong>possunt,</strong></span> <span class='ocrx_word' id='word_1_109' title='bbox 672 1217 899 1278; x_wconf 90' lang='lat' dir='ltr'><strong>etiamsi</strong></span> <span class='ocrx_word' id='word_1_110' title='bbox 933 1216 1014 1278; x_wconf 91' lang='lat' dir='ltr'><strong>nil</strong></span> <span class='ocrx_word' id='word_1_111' title='bbox 1049 1225 1287 1295; x_wconf 88' lang='lat' dir='ltr'><strong>praeter</strong></span> <span class='ocrx_word' id='word_1_112' title='bbox 1319 1215 1559 1276; x_wconf 84' lang='lat' dir='ltr'><strong>falcatos</strong></span> <span class='ocrx_word' id='word_1_113' title='bbox 1586 1233 1795 1278; x_wconf 83' lang='lat' dir='ltr'><strong>currus</strong></span> <span class='ocrx_word' id='word_1_114' title='bbox 1822 1213 2098 1274; x_wconf 83' lang='lat' dir='ltr'><strong>emisero.</strong></span> <span class='ocrx_word' id='word_1_115' title='bbox 2190 1211 2266 1272; x_wconf 85' lang='lat' dir='ltr'><strong>Et</strong></span> 
     </span>
    </p>

    <p class='ocr_par' dir='ltr' id='par_1_7' title="bbox 134 1297 2269 1469">
     <span class='ocr_line' id='line_1_15' title="bbox 134 1297 2267 1382; baseline -0.004 -16"><span class='ocrx_word' id='word_1_116' title='bbox 134 1310 141 1318; x_wconf 81' lang='grc'><strong>’</strong></span> <span class='ocrx_word' id='word_1_117' title='bbox 187 1305 342 1366; x_wconf 90' lang='lat' dir='ltr'><strong>bello</strong></span> <span class='ocrx_word' id='word_1_118' title='bbox 385 1304 713 1378; x_wconf 79' lang='lat' dir='ltr'><strong>vicerimuS,</strong></span> <span class='ocrx_word' id='word_1_119' title='bbox 754 1303 806 1363; x_wconf 90' lang='lat' dir='ltr'><strong>si</strong></span> <span class='ocrx_word' id='word_1_120' title='bbox 840 1302 1128 1364; x_wconf 88' lang='lat' dir='ltr'><strong>vincimus</strong></span> <span class='ocrx_word' id='word_1_121' title='bbox 1172 1301 1425 1382; x_wconf 89' lang='lat' dir='ltr'><strong>proelio:</strong></span> <span class='ocrx_word' id='word_1_122' title='bbox 1473 1317 1609 1362; x_wconf 89' lang='lat' dir='ltr'><strong>nam</strong></span> <span class='ocrx_word' id='word_1_123' title='bbox 1648 1319 1725 1362; x_wconf 90' lang='lat' dir='ltr'><strong>ne</strong></span> <span class='ocrx_word' id='word_1_124' title='bbox 1762 1297 1875 1360; x_wconf 92' lang='lat' dir='ltr'><strong>illis</strong></span> <span class='ocrx_word' id='word_1_125' title='bbox 1905 1299 2147 1378; x_wconf 90' lang='lat' dir='ltr'><strong>quidem</strong></span> <span class='ocrx_word' id='word_1_126' title='bbox 2186 1297 2267 1358; x_wconf 88' lang='lat' dir='ltr'><strong>ad</strong></span> 
     </span>
     <span class='ocr_line' id='line_1_16' title="bbox 187 1385 2269 1469; baseline -0.002 -19"><span class='ocrx_word' id='word_1_127' title='bbox 187 1393 383 1469; x_wconf 84' lang='lat' dir='ltr'><strong>fugam</strong></span> <span class='ocrx_word' id='word_1_128' title='bbox 405 1391 572 1451; x_wconf 87' lang='lat' dir='ltr'><strong>locus</strong></span> <span class='ocrx_word' id='word_1_129' title='bbox 597 1398 720 1464; x_wconf 80' lang='lat' dir='ltr'><strong>est3</strong></span> <span class='ocrx_word' id='word_1_130' title='bbox 746 1389 885 1449; x_wconf 87' lang='lat' dir='ltr'><strong>hinc</strong></span> <span class='ocrx_word' id='word_1_131' title='bbox 909 1389 1257 1468; x_wconf 72' lang='lat' dir='ltr'><strong>EuphrateS,</strong></span> <span class='ocrx_word' id='word_1_132' title='bbox 1285 1387 1445 1448; x_wconf 88' lang='lat' dir='ltr'><strong>illinc</strong></span> <span class='ocrx_word' id='word_1_133' title='bbox 1466 1386 1657 1464; x_wconf 80' lang='lat' dir='ltr'><strong>Tigris</strong></span> <span class='ocrx_word' id='word_1_134' title='bbox 1680 1386 1955 1466; x_wconf 83' lang='lat' dir='ltr'><strong>prohibet</strong></span> <span class='ocrx_word' id='word_1_135' title='bbox 1972 1385 2269 1447; x_wconf 85' lang='lat' dir='ltr'><strong>inclusos.</strong></span> 
     </span>
    </p>

    <p class='ocr_par' dir='ltr' id='par_1_8' title="bbox 87 1472 2272 1726">
     <span class='ocr_line' id='line_1_17' title="bbox 87 1472 2269 1556; baseline -0.005 -13"><span class='ocrx_word' id='word_1_136' title='bbox 87 1481 168 1543; x_wconf 86' lang='grc'><strong>16</strong></span> <span class='ocrx_word' id='word_1_137' title='bbox 185 1477 261 1538; x_wconf 89' lang='lat' dir='ltr'><strong>Et</strong></span> <span class='ocrx_word' id='word_1_138' title='bbox 304 1494 452 1556; x_wconf 89' lang='lat' dir='ltr'><strong>quae</strong></span> <span class='ocrx_word' id='word_1_139' title='bbox 491 1484 662 1536; x_wconf 91' lang='lat' dir='ltr'><strong>antea</strong></span> <span class='ocrx_word' id='word_1_140' title='bbox 706 1493 814 1554; x_wconf 87' lang='lat' dir='ltr'><strong>pro</strong></span> <span class='ocrx_word' id='word_1_141' title='bbox 859 1475 972 1536; x_wconf 86' lang='lat' dir='ltr'><strong>illis</strong></span> <span class='ocrx_word' id='word_1_142' title='bbox 1007 1481 1202 1548; x_wconf 90' lang='lat' dir='ltr'><strong>erant,</strong></span> <span class='ocrx_word' id='word_1_143' title='bbox 1250 1473 1313 1534; x_wconf 88' lang='lat' dir='ltr'><strong>in</strong></span> <span class='ocrx_word' id='word_1_144' title='bbox 1362 1472 1718 1536; x_wconf 86' lang='lat' dir='ltr'><strong>contrarium</strong></span> <span class='ocrx_word' id='word_1_145' title='bbox 1764 1489 2052 1532; x_wconf 87' lang='lat' dir='ltr'><strong>conversa</strong></span> <span class='ocrx_word' id='word_1_146' title='bbox 2100 1478 2269 1532; x_wconf 85' lang='lat' dir='ltr'><strong>sunt.</strong></span> 
     </span>
     <span class='ocr_line' id='line_1_18' title="bbox 187 1557 2271 1640; baseline -0.003 -15"><span class='ocrx_word' id='word_1_147' title='bbox 187 1563 468 1626; x_wconf 88' lang='lat' dir='ltr'><strong>Nostrum</strong></span> <span class='ocrx_word' id='word_1_148' title='bbox 505 1561 720 1623; x_wconf 85' lang='lat' dir='ltr'><strong>mobile</strong></span> <span class='ocrx_word' id='word_1_149' title='bbox 760 1569 820 1622; x_wconf 90' lang='lat' dir='ltr'><strong>et</strong></span> <span class='ocrx_word' id='word_1_150' title='bbox 853 1560 1190 1640; x_wconf 86' lang='lat' dir='ltr'><strong>expeditum</strong></span> <span class='ocrx_word' id='word_1_151' title='bbox 1225 1577 1437 1638; x_wconf 84' lang='lat' dir='ltr'><strong>agmen</strong></span> <span class='ocrx_word' id='word_1_152' title='bbox 1474 1565 1583 1631; x_wconf 88' lang='lat' dir='ltr'><strong>est,</strong></span> <span class='ocrx_word' id='word_1_153' title='bbox 1620 1557 1765 1620; x_wconf 85' lang='lat' dir='ltr'><strong>illud</strong></span> <span class='ocrx_word' id='word_1_154' title='bbox 1802 1557 2027 1638; x_wconf 74' lang='lat' dir='ltr'><strong>praeda</strong></span> <span class='ocrx_word' id='word_1_155' title='bbox 2064 1573 2271 1636; x_wconf 82' lang='lat' dir='ltr'><strong>grave.</strong></span> 
     </span>
     <span class='ocr_line' id='line_1_19' title="bbox 187 1643 2272 1726; baseline -0.003 -16"><span class='ocrx_word' id='word_1_156' title='bbox 187 1647 523 1726; x_wconf 87' lang='lat' dir='ltr'><strong>Implicatos</strong></span> <span class='ocrx_word' id='word_1_157' title='bbox 560 1664 700 1723; x_wconf 86' lang='lat' dir='ltr'><strong>ergo</strong></span> <span class='ocrx_word' id='word_1_158' title='bbox 735 1645 939 1726; x_wconf 90' lang='lat' dir='ltr'><strong>spoliis</strong></span> <span class='ocrx_word' id='word_1_159' title='bbox 963 1645 1184 1707; x_wconf 85' lang='lat' dir='ltr'><strong>nostris</strong></span> <span class='ocrx_word' id='word_1_160' title='bbox 1221 1643 1663 1716; x_wconf 77' lang='lat' dir='ltr'><strong>trucidabimuS,</strong></span> <span class='ocrx_word' id='word_1_161' title='bbox 1708 1645 2033 1724; x_wconf 85' lang='lat' dir='ltr'><strong>eademque</strong></span> <span class='ocrx_word' id='word_1_162' title='bbox 2068 1651 2272 1704; x_wconf 73' lang='lat' dir='ltr'><strong>res‘et</strong></span> 
     </span>
    </p>

    <p class='ocr_par' dir='ltr' id='par_1_9' title="bbox 89 1729 2270 1896">
     <span class='ocr_line' id='line_1_20' title="bbox 89 1729 2269 1808; baseline -0.003 -11"><span class='ocrx_word' id='word_1_163' title='bbox 89 1735 172 1797; x_wconf 90' lang='lat'><strong>17</strong></span> <span class='ocrx_word' id='word_1_164' title='bbox 193 1749 404 1794; x_wconf 88' lang='lat' dir='ltr'><strong>caussa</strong></span> <span class='ocrx_word' id='word_1_165' title='bbox 433 1730 543 1792; x_wconf 87' lang='lat' dir='ltr'><strong>erit</strong></span> <span class='ocrx_word' id='word_1_166' title='bbox 565 1730 842 1792; x_wconf 84' lang='lat' dir='ltr'><strong>victoriae</strong></span> <span class='ocrx_word' id='word_1_167' title='bbox 876 1739 932 1791; x_wconf 90' lang='lat' dir='ltr'><strong>et</strong></span> <span class='ocrx_word' id='word_1_168' title='bbox 969 1731 1213 1790; x_wconf 79' lang='lat' dir='ltr'><strong>fructus·</strong></span> <span class='ocrx_word' id='word_1_169' title='bbox 1302 1729 1531 1802; x_wconf 88' lang='lat' dir='ltr'><strong>Quodsi</strong></span> <span class='ocrx_word' id='word_1_170' title='bbox 1568 1747 1745 1808; x_wconf 91' lang='lat' dir='ltr'><strong>quem</strong></span> <span class='ocrx_word' id='word_1_171' title='bbox 1768 1747 1800 1790; x_wconf 89' lang='lat' dir='ltr'><strong>c</strong></span> <span class='ocrx_word' id='word_1_172' title='bbox 1834 1729 2003 1790; x_wconf 80' lang='lat' dir='ltr'><strong>vobis</strong></span> <span class='ocrx_word' id='word_1_173' title='bbox 2042 1746 2269 1790; x_wconf 87' lang='lat' dir='ltr'><strong>nomen</strong></span> 
     </span>
     <span class='ocr_line' id='line_1_21' title="bbox 194 1814 2270 1896; baseline -0.001 -19"><span class='ocrx_word' id='word_1_174' title='bbox 194 1815 385 1896; x_wconf 86' lang='lat' dir='ltr'><strong>gentis</strong></span> <span class='ocrx_word' id='word_1_175' title='bbox 409 1819 624 1889; x_wconf 79' lang='lat' dir='ltr'><strong>movet,</strong></span> <span class='ocrx_word' id='word_1_176' title='bbox 654 1815 886 1893; x_wconf 85' lang='lat' dir='ltr'><strong>cogitet,</strong></span> <span class='ocrx_word' id='word_1_177' title='bbox 913 1815 1303 1876; x_wconf 74' lang='lat' dir='ltr'><strong>Macedonum</strong></span> <span class='ocrx_word' id='word_1_178' title='bbox 1327 1814 1447 1875; x_wconf 92' lang='lat' dir='ltr'><strong>illic</strong></span> <span class='ocrx_word' id='word_1_179' title='bbox 1470 1833 1631 1876; x_wconf 89' lang='lat' dir='ltr'><strong>arma</strong></span> <span class='ocrx_word' id='word_1_180' title='bbox 1659 1833 1809 1889; x_wconf 91' lang='lat' dir='ltr'><strong>esse,</strong></span> <span class='ocrx_word' id='word_1_181' title='bbox 1840 1833 1965 1876; x_wconf 90' lang='lat' dir='ltr'><strong>non</strong></span> <span class='ocrx_word' id='word_1_182' title='bbox 1992 1831 2270 1896; x_wconf 80' lang='lat' dir='ltr'><strong>corpora.</strong></span> 
     </span>
    </p>
   </div>
   <div class='ocr_carea' id='block_1_3' title="bbox 2341 0 2417 1911">
    <p class='ocr_par' dir='ltr' id='par_1_10' title="bbox 2341 0 2417 1911">
     <span class='ocr_line' id='line_1_22' title="bbox 2341 0 2417 1911; baseline 0 0"><span class='ocrx_word' id='word_1_183' title='bbox 2341 0 2417 1911; x_wconf 95' lang='lat' dir='ltr'><strong> </strong></span> 
     </span>
    </p>
   </div>
   <div class='ocr_carea' id='block_1_4' title="bbox 95 1899 2389 2067">
    <p class='ocr_par' dir='ltr' id='par_1_11' title="bbox 95 1899 2389 2067">
     <span class='ocr_line' id='line_1_23' title="bbox 193 1899 2387 1981; baseline -0.002 -16"><span class='ocrx_word' id='word_1_184' title='bbox 193 1902 438 1965; x_wconf 81' lang='lat' dir='ltr'><strong>Multum</strong></span> <span class='ocrx_word' id='word_1_185' title='bbox 471 1900 628 1963; x_wconf 88' lang='lat' dir='ltr'><strong>enim</strong></span> <span class='ocrx_word' id='word_1_186' title='bbox 659 1899 1009 1979; x_wconf 86' lang='lat' dir='ltr'><strong>sanguinem</strong></span> <span class='ocrx_word' id='word_1_187' title='bbox 1046 1900 1299 1963; x_wconf 83' lang='lat' dir='ltr'><strong>invicem</strong></span> <span class='ocrx_word' id='word_1_188' title='bbox 1323 1900 1645 1975; x_wconf 88' lang='lat' dir='ltr'><strong>hausimus,</strong></span> <span class='ocrx_word' id='word_1_189' title='bbox 1678 1908 1739 1964; x_wconf 93' lang='lat' dir='ltr'><strong>et</strong></span> <span class='ocrx_word' id='word_1_190' title='bbox 1760 1917 1998 1981; x_wconf 87' lang='lat' dir='ltr'><strong>semper</strong></span> <span class='ocrx_word' id='word_1_191' title='bbox 2034 1901 2273 1980; x_wconf 79' lang='lat' dir='ltr'><strong>gravior</strong></span> <span class='ocrx_word' id='word_1_192' title='bbox 2385 1935 2387 1947; x_wconf 44' lang='grc' dir='ltr'><strong>ι</strong></span> 
     </span>
     <span class='ocr_line' id='line_1_24' title="bbox 95 1986 2389 2067; baseline 0 -15"><span class='ocrx_word' id='word_1_193' title='bbox 95 1990 175 2052; x_wconf 85' lang='grc'><strong>18</strong></span> <span class='ocrx_word' id='word_1_194' title='bbox 194 1990 256 2051; x_wconf 91' lang='lat' dir='ltr'><strong>in</strong></span> <span class='ocrx_word' id='word_1_195' title='bbox 278 1986 568 2067; x_wconf 88' lang='lat' dir='ltr'><strong>paucitate</strong></span> <span class='ocrx_word' id='word_1_196' title='bbox 591 1987 812 2048; x_wconf 88' lang='lat' dir='ltr'><strong>iactura</strong></span> <span class='ocrx_word' id='word_1_197' title='bbox 839 1997 948 2050; x_wconf 91' lang='lat' dir='ltr'><strong>est.</strong></span> <span class='ocrx_word' id='word_1_198' title='bbox 1034 1987 1181 2047; x_wconf 90' lang='lat' dir='ltr'><strong>Nam</strong></span> <span class='ocrx_word' id='word_1_199' title='bbox 1206 1986 1555 2063; x_wconf 79' lang='lat' dir='ltr'><strong>Alexander,</strong></span> <span class='ocrx_word' id='word_1_200' title='bbox 1584 1995 2077 2067; x_wconf 86' lang='lat' dir='ltr'><strong>quantuscunque</strong></span> <span class='ocrx_word' id='word_1_201' title='bbox 2100 1988 2272 2067; x_wconf 86' lang='lat' dir='ltr'><strong>igna-</strong></span> <span class='ocrx_word' id='word_1_202' title='bbox 2387 1990 2389 2052; x_wconf 73' lang='grc' dir='ltr'>Ξ</span> 
     </span>
    </p>
   </div>
   <div class='ocr_carea' id='block_1_5' title="bbox 97 2070 2287 3622">
    <p class='ocr_par' dir='ltr' id='par_1_12' title="bbox 97 2070 2287 3622">
     <span class='ocr_line' id='line_1_25' title="bbox 194 2070 2273 2152; baseline -0.001 -17"><span class='ocrx_word' id='word_1_203' title='bbox 194 2076 281 2135; x_wconf 86' lang='lat' dir='ltr'><strong>vis</strong></span> <span class='ocrx_word' id='word_1_204' title='bbox 317 2082 374 2134; x_wconf 92' lang='lat' dir='ltr'><strong>et</strong></span> <span class='ocrx_word' id='word_1_205' title='bbox 410 2070 628 2135; x_wconf 89' lang='lat' dir='ltr'><strong>timidis</strong></span> <span class='ocrx_word' id='word_1_206' title='bbox 658 2072 843 2133; x_wconf 83' lang='lat' dir='ltr'><strong>videri</strong></span> <span class='ocrx_word' id='word_1_207' title='bbox 879 2077 1092 2151; x_wconf 87' lang='lat' dir='ltr'><strong>potest,</strong></span> <span class='ocrx_word' id='word_1_208' title='bbox 1137 2090 1321 2133; x_wconf 88' lang='lat' dir='ltr'><strong>unum</strong></span> <span class='ocrx_word' id='word_1_209' title='bbox 1360 2072 1573 2133; x_wconf 88' lang='lat' dir='ltr'><strong>animal</strong></span> <span class='ocrx_word' id='word_1_210' title='bbox 1612 2081 1807 2144; x_wconf 89' lang='lat' dir='ltr'><strong>estet,</strong></span> <span class='ocrx_word' id='word_1_211' title='bbox 1856 2072 1907 2133; x_wconf 91' lang='lat' dir='ltr'><strong>si</strong></span> <span class='ocrx_word' id='word_1_212' title='bbox 1944 2073 2087 2152; x_wconf 86' lang='lat' dir='ltr'><strong>quid</strong></span> <span class='ocrx_word' id='word_1_213' title='bbox 2126 2071 2273 2133; x_wconf 91' lang='lat' dir='ltr'><strong>mihi</strong></span> 
     </span>
     <span class='ocr_line' id='line_1_26' title="bbox 195 2158 2271 2237; baseline -0.001 -14"><span class='ocrx_word' id='word_1_214' title='bbox 195 2158 452 2233; x_wconf 79' lang='lat' dir='ltr'><strong>creditiS,</strong></span> <span class='ocrx_word' id='word_1_215' title='bbox 489 2159 863 2221; x_wconf 89' lang='lat' dir='ltr'><strong>temerarium</strong></span> <span class='ocrx_word' id='word_1_216' title='bbox 892 2168 950 2220; x_wconf 89' lang='lat' dir='ltr'><strong>et</strong></span> <span class='ocrx_word' id='word_1_217' title='bbox 979 2177 1205 2228; x_wconf 81' lang='lat' dir='ltr'><strong>vecorS,</strong></span> <span class='ocrx_word' id='word_1_218' title='bbox 1250 2158 1446 2219; x_wconf 91' lang='lat' dir='ltr'><strong>adhuc</strong></span> <span class='ocrx_word' id='word_1_219' title='bbox 1472 2167 1677 2221; x_wconf 84' lang='lat' dir='ltr'><strong>nostro</strong></span> <span class='ocrx_word' id='word_1_220' title='bbox 1710 2177 1931 2237; x_wconf 81' lang='lat' dir='ltr'><strong>pavore</strong></span> <span class='ocrx_word' id='word_1_221' title='bbox 1955 2176 2137 2237; x_wconf 81' lang='lat' dir='ltr'><strong>quam</strong></span> <span class='ocrx_word' id='word_1_222' title='bbox 2160 2176 2271 2221; x_wconf 82' lang='lat' dir='ltr'><strong>sua</strong></span> 
     </span>
     <span class='ocr_line' id='line_1_27' title="bbox 97 2244 2273 2323; baseline -0.001 -15"><span class='ocrx_word' id='word_1_223' title='bbox 97 2247 176 2312; x_wconf 87' lang='lat'><strong>19</strong></span> <span class='ocrx_word' id='word_1_224' title='bbox 197 2248 410 2313; x_wconf 67' lang='lat' dir='ltr'><strong>virtute</strong></span> <span class='ocrx_word' id='word_1_225' title='bbox 451 2245 698 2310; x_wconf 76' lang='lat' dir='ltr'><strong>felicius,</strong></span> <span class='ocrx_word' id='word_1_226' title='bbox 785 2244 942 2306; x_wconf 90' lang='lat' dir='ltr'><strong>Nihil</strong></span> <span class='ocrx_word' id='word_1_227' title='bbox 976 2252 1170 2314; x_wconf 83' lang='lat' dir='ltr'><strong>autem</strong></span> <span class='ocrx_word' id='word_1_228' title='bbox 1203 2251 1402 2323; x_wconf 82' lang='lat' dir='ltr'><strong>potest</strong></span> <span class='ocrx_word' id='word_1_229' title='bbox 1436 2263 1569 2305; x_wconf 88' lang='lat' dir='ltr'><strong>esse</strong></span> <span class='ocrx_word' id='word_1_230' title='bbox 1604 2244 1963 2314; x_wconf 88' lang='lat' dir='ltr'><strong>diuturnum,</strong></span> <span class='ocrx_word' id='word_1_231' title='bbox 2006 2244 2105 2307; x_wconf 89' lang='lat' dir='ltr'><strong>cui</strong></span> <span class='ocrx_word' id='word_1_232' title='bbox 2147 2262 2273 2306; x_wconf 89' lang='lat' dir='ltr'><strong>non</strong></span> 
     </span>
     <span class='ocr_line' id='line_1_28' title="bbox 200 2328 2275 2413; baseline -0.002 -18"><span class='ocrx_word' id='word_1_233' title='bbox 200 2335 405 2395; x_wconf 90' lang='lat' dir='ltr'><strong>subest</strong></span> <span class='ocrx_word' id='word_1_234' title='bbox 437 2332 606 2393; x_wconf 88' lang='lat' dir='ltr'><strong>ratio.</strong></span> <span class='ocrx_word' id='word_1_235' title='bbox 662 2329 824 2392; x_wconf 90' lang='lat' dir='ltr'><strong>Licet</strong></span> <span class='ocrx_word' id='word_1_236' title='bbox 869 2330 1109 2393; x_wconf 87' lang='lat' dir='ltr'><strong>felicitas</strong></span> <span class='ocrx_word' id='word_1_237' title='bbox 1149 2328 1413 2409; x_wconf 85' lang='lat' dir='ltr'><strong>aspirare</strong></span> <span class='ocrx_word' id='word_1_238' title='bbox 1448 2330 1731 2403; x_wconf 85' lang='lat' dir='ltr'><strong>videatur,</strong></span> <span class='ocrx_word' id='word_1_239' title='bbox 1756 2340 1986 2413; x_wconf 56' lang='lat' dir='ltr'><strong>ftamen</strong></span> <span class='ocrx_word' id='word_1_240' title='bbox 2020 2331 2098 2392; x_wconf 88' lang='lat' dir='ltr'><strong>ad</strong></span> <span class='ocrx_word' id='word_1_241' title='bbox 2136 2331 2275 2392; x_wconf 88' lang='lat' dir='ltr'><strong>ulti-</strong></span> 
     </span>
     <span class='ocr_line' id='line_1_29' title="bbox 197 2415 2275 2481; baseline -0.003 0"><span class='ocrx_word' id='word_1_242' title='bbox 197 2437 359 2481; x_wconf 89' lang='lat' dir='ltr'><strong>mum</strong></span> <span class='ocrx_word' id='word_1_243' title='bbox 411 2418 722 2478; x_wconf 86' lang='lat' dir='ltr'><strong>temeritati</strong></span> <span class='ocrx_word' id='word_1_244' title='bbox 765 2436 886 2477; x_wconf 90' lang='lat' dir='ltr'><strong>non</strong></span> <span class='ocrx_word' id='word_1_245' title='bbox 935 2415 1169 2477; x_wconf 84' lang='lat' dir='ltr'><strong>sufficit.</strong></span> <span class='ocrx_word' id='word_1_246' title='bbox 1232 2415 1545 2477; x_wconf 88' lang='lat' dir='ltr'><strong>Praeterea</strong></span> <span class='ocrx_word' id='word_1_247' title='bbox 1595 2416 1803 2477; x_wconf 86' lang='lat' dir='ltr'><strong>breves</strong></span> <span class='ocrx_word' id='word_1_248' title='bbox 1849 2424 1908 2477; x_wconf 89' lang='lat' dir='ltr'><strong>et</strong></span> <span class='ocrx_word' id='word_1_249' title='bbox 1954 2416 2275 2480; x_wconf 85' lang='lat' dir='ltr'><strong>mutabiles</strong></span> 
     </span>
     <span class='ocr_line' id='line_1_30' title="bbox 199 2500 2276 2581; baseline 0 -18"><span class='ocrx_word' id='word_1_250' title='bbox 199 2504 357 2564; x_wconf 78' lang='lat' dir='ltr'><strong>vices</strong></span> <span class='ocrx_word' id='word_1_251' title='bbox 401 2520 600 2564; x_wconf 90' lang='lat' dir='ltr'><strong>rerum</strong></span> <span class='ocrx_word' id='word_1_252' title='bbox 643 2510 808 2575; x_wconf 89' lang='lat' dir='ltr'><strong>sunt,</strong></span> <span class='ocrx_word' id='word_1_253' title='bbox 857 2510 916 2563; x_wconf 88' lang='lat' dir='ltr'><strong>et</strong></span> <span class='ocrx_word' id='word_1_254' title='bbox 962 2503 1196 2563; x_wconf 85' lang='lat' dir='ltr'><strong>fortuna</strong></span> <span class='ocrx_word' id='word_1_255' title='bbox 1246 2520 1547 2580; x_wconf 88' lang='lat' dir='ltr'><strong>nunquam</strong></span> <span class='ocrx_word' id='word_1_256' title='bbox 1600 2500 1942 2581; x_wconf 82' lang='lat' dir='ltr'><strong>simpliciter</strong></span> <span class='ocrx_word' id='word_1_257' title='bbox 1986 2502 2276 2581; x_wconf 81' lang='lat' dir='ltr'><strong>indulget.</strong></span> 
     </span>
     <span class='ocr_line' id='line_1_31' title="bbox 98 2585 2279 2668; baseline 0.001 -21"><span class='ocrx_word' id='word_1_258' title='bbox 98 2585 182 2647; x_wconf 84' lang='lat'><strong>20</strong></span> <span class='ocrx_word' id='word_1_259' title='bbox 202 2587 471 2649; x_wconf 87' lang='lat' dir='ltr'><strong>Forsitan</strong></span> <span class='ocrx_word' id='word_1_260' title='bbox 496 2587 576 2647; x_wconf 90' lang='lat' dir='ltr'><strong>ita</strong></span> <span class='ocrx_word' id='word_1_261' title='bbox 599 2586 677 2647; x_wconf 92' lang='lat' dir='ltr'><strong>dii</strong></span> <span class='ocrx_word' id='word_1_262' title='bbox 703 2587 818 2646; x_wconf 87' lang='lat' dir='ltr'><strong>fata</strong></span> <span class='ocrx_word' id='word_1_263' title='bbox 843 2586 1282 2661; x_wconf 86' lang='lat' dir='ltr'><strong>ordinaverunt,</strong></span> <span class='ocrx_word' id='word_1_264' title='bbox 1317 2595 1383 2649; x_wconf 92' lang='lat' dir='ltr'><strong>ut</strong></span> <span class='ocrx_word' id='word_1_265' title='bbox 1404 2588 1717 2651; x_wconf 85' lang='lat' dir='ltr'><strong>Persarum</strong></span> <span class='ocrx_word' id='word_1_266' title='bbox 1743 2587 2077 2667; x_wconf 86' lang='lat' dir='ltr'><strong>imperium,</strong></span> <span class='ocrx_word' id='word_1_267' title='bbox 2116 2587 2279 2668; x_wconf 87' lang='lat' dir='ltr'><strong>quod</strong></span> 
     </span>
     <span class='ocr_line' id='line_1_32' title="bbox 204 2671 2280 2759; baseline 0 -24"><span class='ocrx_word' id='word_1_268' title='bbox 204 2671 470 2735; x_wconf 86' lang='lat' dir='ltr'><strong>secundo</strong></span> <span class='ocrx_word' id='word_1_269' title='bbox 511 2690 689 2733; x_wconf 89' lang='lat' dir='ltr'><strong>cursu</strong></span> <span class='ocrx_word' id='word_1_270' title='bbox 722 2690 830 2752; x_wconf 88' lang='lat' dir='ltr'><strong>per</strong></span> <span class='ocrx_word' id='word_1_271' title='bbox 870 2671 1154 2733; x_wconf 88' lang='lat' dir='ltr'><strong>ducentos</strong></span> <span class='ocrx_word' id='word_1_272' title='bbox 1187 2673 1425 2751; x_wconf 86' lang='lat' dir='ltr'><strong>triginta</strong></span> <span class='ocrx_word' id='word_1_273' title='bbox 1461 2692 1651 2733; x_wconf 88' lang='lat' dir='ltr'><strong>annos</strong></span> <span class='ocrx_word' id='word_1_274' title='bbox 1676 2672 1752 2733; x_wconf 89' lang='lat' dir='ltr'><strong>ad</strong></span> <span class='ocrx_word' id='word_1_275' title='bbox 1788 2692 2087 2759; x_wconf 78' lang='lat' dir='ltr'><strong>summum</strong></span> <span class='ocrx_word' id='word_1_276' title='bbox 2111 2674 2280 2735; x_wconf 82' lang='lat' dir='ltr'><strong>fasti-</strong></span> 
     </span>
     <span class='ocr_line' id='line_1_33' title="bbox 207 2758 2279 2839; baseline 0.001 -22"><span class='ocrx_word' id='word_1_277' title='bbox 207 2758 364 2839; x_wconf 84' lang='lat' dir='ltr'><strong>gium</strong></span> <span class='ocrx_word' id='word_1_278' title='bbox 389 2765 720 2829; x_wconf 86' lang='lat' dir='ltr'><strong>evexerant,</strong></span> <span class='ocrx_word' id='word_1_279' title='bbox 759 2776 974 2835; x_wconf 84' lang='lat' dir='ltr'><strong>magno</strong></span> <span class='ocrx_word' id='word_1_280' title='bbox 996 2768 1160 2819; x_wconf 90' lang='lat' dir='ltr'><strong>motu</strong></span> <span class='ocrx_word' id='word_1_281' title='bbox 1197 2768 1579 2821; x_wconf 87' lang='lat' dir='ltr'><strong>concuterent</strong></span> <span class='ocrx_word' id='word_1_282' title='bbox 1612 2758 1799 2837; x_wconf 87' lang='lat' dir='ltr'><strong>magis</strong></span> <span class='ocrx_word' id='word_1_283' title='bbox 1838 2778 2013 2838; x_wconf 92' lang='lat' dir='ltr'><strong>quam</strong></span> <span class='ocrx_word' id='word_1_284' title='bbox 2050 2761 2279 2839; x_wconf 81' lang='lat' dir='ltr'><strong>afflige-</strong></span> 
     </span>
     <span class='ocr_line' id='line_1_34' title="bbox 203 2842 2281 2922; baseline 0.001 -17"><span class='ocrx_word' id='word_1_285' title='bbox 203 2850 358 2915; x_wconf 88' lang='lat' dir='ltr'><strong>rent,</strong></span> <span class='ocrx_word' id='word_1_286' title='bbox 406 2842 912 2921; x_wconf 89' lang='lat' dir='ltr'><strong>admonerentque</strong></span> <span class='ocrx_word' id='word_1_287' title='bbox 947 2862 1057 2904; x_wconf 91' lang='lat' dir='ltr'><strong>nos</strong></span> <span class='ocrx_word' id='word_1_288' title='bbox 1091 2844 1413 2922; x_wconf 86' lang='lat' dir='ltr'><strong>fragilitatis</strong></span> <span class='ocrx_word' id='word_1_289' title='bbox 1446 2846 1755 2915; x_wconf 89' lang='lat' dir='ltr'><strong>humanae,</strong></span> <span class='ocrx_word' id='word_1_290' title='bbox 1796 2844 1963 2918; x_wconf 84' lang='lat' dir='ltr'><strong>cuius</strong></span> <span class='ocrx_word' id='word_1_291' title='bbox 1997 2846 2185 2908; x_wconf 89' lang='lat' dir='ltr'><strong>nimia</strong></span> <span class='ocrx_word' id='word_1_292' title='bbox 2216 2845 2281 2907; x_wconf 88' lang='lat' dir='ltr'><strong>in</strong></span> 
     </span>
     <span class='ocr_line' id='line_1_35' title="bbox 103 2928 2283 3009; baseline 0.002 -20"><span class='ocrx_word' id='word_1_293' title='bbox 103 2934 186 2997; x_wconf 81' lang='lat'><strong>21</strong></span> <span class='ocrx_word' id='word_1_294' title='bbox 207 2928 512 3009; x_wconf 88' lang='lat' dir='ltr'><strong>prosperis</strong></span> <span class='ocrx_word' id='word_1_295' title='bbox 535 2928 714 2990; x_wconf 90' lang='lat' dir='ltr'><strong>rebus</strong></span> <span class='ocrx_word' id='word_1_296' title='bbox 741 2929 952 2991; x_wconf 84' lang='lat' dir='ltr'><strong>oblivio</strong></span> <span class='ocrx_word' id='word_1_297' title='bbox 977 2939 1084 2992; x_wconf 90' lang='lat' dir='ltr'><strong>est.</strong></span> <span class='ocrx_word' id='word_1_298' title='bbox 1172 2930 1350 2993; x_wconf 85' lang='lat' dir='ltr'><strong>Modo</strong></span> <span class='ocrx_word' id='word_1_299' title='bbox 1374 2930 1611 2994; x_wconf 88' lang='lat' dir='ltr'><strong>Graecis</strong></span> <span class='ocrx_word' id='word_1_300' title='bbox 1642 2931 1791 2992; x_wconf 88' lang='lat' dir='ltr'><strong>ultro</strong></span> <span class='ocrx_word' id='word_1_301' title='bbox 1813 2930 2037 2992; x_wconf 91' lang='lat' dir='ltr'><strong>bellum</strong></span> <span class='ocrx_word' id='word_1_302' title='bbox 2058 2928 2283 2994; x_wconf 85' lang='lat' dir='ltr'><strong>infere-</strong></span> 
     </span>
     <span class='ocr_line' id='line_1_36' title="bbox 209 3015 2283 3097; baseline 0.001 -20"><span class='ocrx_word' id='word_1_303' title='bbox 209 3015 450 3077; x_wconf 83' lang='lat' dir='ltr'><strong>bamus:</strong></span> <span class='ocrx_word' id='word_1_304' title='bbox 485 3015 724 3076; x_wconf 88' lang='lat' dir='ltr'><strong>nuncin</strong></span> <span class='ocrx_word' id='word_1_305' title='bbox 745 3015 986 3077; x_wconf 90' lang='lat' dir='ltr'><strong>sedibus</strong></span> <span class='ocrx_word' id='word_1_306' title='bbox 1014 3016 1231 3077; x_wconf 88' lang='lat' dir='ltr'><strong>nostris</strong></span> <span class='ocrx_word' id='word_1_307' title='bbox 1254 3018 1675 3097; x_wconf 86' lang='lat' dir='ltr'><strong>propulsamus</strong></span> <span class='ocrx_word' id='word_1_308' title='bbox 1700 3016 1941 3080; x_wconf 85' lang='lat' dir='ltr'><strong>illatum.</strong></span> <span class='ocrx_word' id='word_1_309' title='bbox 1984 3018 2283 3081; x_wconf 83' lang='lat' dir='ltr'><strong>Iactamur</strong></span> 
     </span>
     <span class='ocr_line' id='line_1_37' title="bbox 209 3100 2283 3184; baseline -0.001 -19"><span class='ocrx_word' id='word_1_310' title='bbox 209 3100 460 3165; x_wconf 87' lang='lat' dir='ltr'><strong>invicem</strong></span> <span class='ocrx_word' id='word_1_311' title='bbox 513 3101 790 3177; x_wconf 78' lang='lat' dir='ltr'><strong>varietate</strong></span> <span class='ocrx_word' id='word_1_312' title='bbox 837 3102 1128 3163; x_wconf 87' lang='lat' dir='ltr'><strong>fortunae.</strong></span> <span class='ocrx_word' id='word_1_313' title='bbox 1183 3102 1467 3166; x_wconf 90' lang='lat' dir='ltr'><strong>Videlicet</strong></span> <span class='ocrx_word' id='word_1_314' title='bbox 1504 3101 1836 3184; x_wconf 84' lang='lat' dir='ltr'><strong>imperium,</strong></span> <span class='ocrx_word' id='word_1_315' title='bbox 1888 3104 2021 3182; x_wconf 86' lang='lat' dir='ltr'><strong>quia</strong></span> <span class='ocrx_word' id='word_1_316' title='bbox 2071 3114 2283 3167; x_wconf 84' lang='lat' dir='ltr'><strong>mutuo</strong></span> 
     </span>
     <span class='ocr_line' id='line_1_38' title="bbox 211 3187 1247 3266; baseline -0.001 -17"><span class='ocrx_word' id='word_1_317' title='bbox 211 3188 574 3257; x_wconf 84' lang='lat' dir='ltr'><strong>affectamus,</strong></span> <span class='ocrx_word' id='word_1_318' title='bbox 607 3205 720 3247; x_wconf 89' lang='lat' dir='ltr'><strong>una</strong></span> <span class='ocrx_word' id='word_1_319' title='bbox 746 3204 890 3263; x_wconf 87' lang='lat' dir='ltr'><strong>gens</strong></span> <span class='ocrx_word' id='word_1_320' title='bbox 919 3206 1042 3247; x_wconf 90' lang='lat' dir='ltr'><strong>non</strong></span> <span class='ocrx_word' id='word_1_321' title='bbox 1071 3187 1247 3266; x_wconf 90' lang='lat' dir='ltr'><strong>capit.</strong></span> 
     </span>
     <span class='ocr_line' id='line_1_39' title="bbox 109 3271 2285 3355; baseline -0.001 -16"><span class='ocrx_word' id='word_1_322' title='bbox 109 3274 193 3339; x_wconf 79' lang='lat'><strong>22</strong></span> <span class='ocrx_word' id='word_1_323' title='bbox 343 3273 634 3343; x_wconf 87' lang='lat' dir='ltr'><strong>Ceterum,</strong></span> <span class='ocrx_word' id='word_1_324' title='bbox 675 3272 902 3334; x_wconf 88' lang='lat' dir='ltr'><strong>etiamsi</strong></span> <span class='ocrx_word' id='word_1_325' title='bbox 937 3291 1074 3355; x_wconf 88' lang='lat' dir='ltr'><strong>spes</strong></span> <span class='ocrx_word' id='word_1_326' title='bbox 1111 3292 1235 3335; x_wconf 88' lang='lat' dir='ltr'><strong>non</strong></span> <span class='ocrx_word' id='word_1_327' title='bbox 1271 3273 1559 3347; x_wconf 84' lang='lat' dir='ltr'><strong>subesset,</strong></span> <span class='ocrx_word' id='word_1_328' title='bbox 1593 3271 1914 3338; x_wconf 86' lang='lat' dir='ltr'><strong>necessitas</strong></span> <span class='ocrx_word' id='word_1_329' title='bbox 1950 3281 2151 3337; x_wconf 88' lang='lat' dir='ltr'><strong>tamen</strong></span> <span class='ocrx_word' id='word_1_330' title='bbox 2179 3274 2285 3337; x_wconf 83' lang='lat' dir='ltr'><strong>sti-</strong></span> 
     </span>
     <span class='ocr_line' id='line_1_40' title="bbox 212 3358 2285 3440; baseline 0 -19"><span class='ocrx_word' id='word_1_331' title='bbox 212 3360 438 3421; x_wconf 88' lang='lat' dir='ltr'><strong>mulare</strong></span> <span class='ocrx_word' id='word_1_332' title='bbox 484 3358 755 3422; x_wconf 87' lang='lat' dir='ltr'><strong>deberet:</strong></span> <span class='ocrx_word' id='word_1_333' title='bbox 803 3358 878 3418; x_wconf 92' lang='lat' dir='ltr'><strong>ad</strong></span> <span class='ocrx_word' id='word_1_334' title='bbox 923 3368 1184 3423; x_wconf 86' lang='lat' dir='ltr'><strong>extrema</strong></span> <span class='ocrx_word' id='word_1_335' title='bbox 1226 3366 1571 3440; x_wconf 87' lang='lat' dir='ltr'><strong>perventum</strong></span> <span class='ocrx_word' id='word_1_336' title='bbox 1612 3368 1721 3422; x_wconf 86' lang='lat' dir='ltr'><strong>est.</strong></span> <span class='ocrx_word' id='word_1_337' title='bbox 1778 3360 2025 3421; x_wconf 87' lang='lat' dir='ltr'><strong>Matrem</strong></span> <span class='ocrx_word' id='word_1_338' title='bbox 2064 3378 2285 3435; x_wconf 88' lang='lat' dir='ltr'><strong>meam,</strong></span> 
     </span>
     <span class='ocr_line' id='line_1_41' title="bbox 150 3443 2285 3525; baseline 0.001 -21"><span class='ocrx_word' id='word_1_339' title='bbox 150 3454 153 3457; x_wconf 84' lang='grc'><em>“</em></span> <span class='ocrx_word' id='word_1_340' title='bbox 219 3444 366 3505; x_wconf 84' lang='lat' dir='ltr'><strong>duas</strong></span> <span class='ocrx_word' id='word_1_341' title='bbox 397 3444 566 3521; x_wconf 85' lang='lat' dir='ltr'><strong>filias,</strong></span> <span class='ocrx_word' id='word_1_342' title='bbox 601 3444 830 3507; x_wconf 89' lang='lat' dir='ltr'><strong>Ochum</strong></span> <span class='ocrx_word' id='word_1_343' title='bbox 854 3443 916 3506; x_wconf 91' lang='lat' dir='ltr'><strong>in</strong></span> <span class='ocrx_word' id='word_1_344' title='bbox 941 3464 1108 3525; x_wconf 89' lang='lat' dir='ltr'><strong>spem</strong></span> <span class='ocrx_word' id='word_1_345' title='bbox 1143 3444 1319 3508; x_wconf 89' lang='lat' dir='ltr'><strong>huius</strong></span> <span class='ocrx_word' id='word_1_346' title='bbox 1358 3444 1589 3524; x_wconf 88' lang='lat' dir='ltr'><strong>imperii</strong></span> <span class='ocrx_word' id='word_1_347' title='bbox 1626 3445 1906 3525; x_wconf 83' lang='lat' dir='ltr'><strong>genitum,</strong></span> <span class='ocrx_word' id='word_1_348' title='bbox 1950 3446 2285 3525; x_wconf 82' lang='lat' dir='ltr'><strong>principem</strong></span> 
     </span>
     <span class='ocr_line' id='line_1_42' title="bbox 214 3528 2287 3622; baseline 0.002 -33"><span class='ocrx_word' id='word_1_349' title='bbox 214 3528 376 3591; x_wconf 88' lang='lat' dir='ltr'><strong>illam</strong></span> <span class='ocrx_word' id='word_1_350' title='bbox 396 3532 663 3595; x_wconf 86' lang='lat' dir='ltr'><strong>sobolem</strong></span> <span class='ocrx_word' id='word_1_351' title='bbox 679 3530 876 3611; x_wconf 81' lang='lat' dir='ltr'><strong>regiae</strong></span> <span class='ocrx_word' id='word_1_352' title='bbox 898 3532 1116 3622; x_wconf 83' lang='lat' dir='ltr'><strong>stirpis,</strong></span> <span class='ocrx_word' id='word_1_353' title='bbox 1142 3532 1325 3595; x_wconf 88' lang='lat' dir='ltr'><strong>duces</strong></span> <span class='ocrx_word' id='word_1_354' title='bbox 1346 3539 1575 3595; x_wconf 84' lang='lat' dir='ltr'><strong>vestros</strong></span> <span class='ocrx_word' id='word_1_355' title='bbox 1599 3550 1805 3611; x_wconf 83' lang='lat' dir='ltr'><strong>regum</strong></span> <span class='ocrx_word' id='word_1_356' title='bbox 1820 3532 2027 3607; x_wconf 86' lang='lat' dir='ltr'><strong>instar,</strong></span> <span class='ocrx_word' id='word_1_357' title='bbox 2052 3532 2287 3619; x_wconf 58' lang='lat' dir='ltr'><strong>vinctos</strong></span> 
     </span>
    </p>
   </div>
  </div>
 </body>
</html>
