2417 3900
342 108 349 119 ,
424 14 431 21 ’
522 56 663 121 Lis.
706 59 777 121 x.
824 60 1031 139 (viu.)
1077 61 1235 123 ctu».
1280 62 1346 122 v.
1393 26 1683 124 20-372
1830 66 1844 91 ⁸
2031 64 2158 127 216

44 181 219 236 ante
264 172 563 237 victoriam
602 186 923 257 spreverat.
979 178 1125 241 Nam
1162 178 1525 243 iracundiam
1572 189 1630 241 et
1662 180 1994 259 cupidinem
2038 186 2156 249 vini
2171 184 2260 247 34

44 258 250 323 sicuti
276 259 513 323 iuventa
534 264 874 335 irritaverat,
894 263 977 321 ita
1002 274 1276 325 senectus
1303 266 1568 343 mitigare
1587 265 1896 343 potuisset.
1937 268 2152 333 Fateu-
2170 278 2262 342 35

50 346 221 409 dum
257 354 349 405 est
380 355 595 422 tamen,
624 368 803 428 quum
827 348 1142 426 plurimum
1168 349 1360 410 virtuti
1393 350 1678 425 debuerit,
1711 352 1844 429 plus
1875 352 2154 420 debuisse

44 434 371 505 fortunae,
426 453 599 513 quam
630 435 796 497 solus
840 434 1100 495 omnium
1136 435 1468 497 mortalium
1504 437 1563 497 in
1604 444 1896 514 potestate
1930 440 2160 505 habuit.
2205 462 2218 469 ·
2295 432 2306 443 ’
2342 429 2348 437 ’

46 518 371 593 Quotiens
396 518 557 581 illum
584 538 618 580 a
646 528 835 582 morte
855 516 1191 579 revocavit?
1247 522 1534 593 Quotiens
1570 530 1787 583 temere
1811 522 1872 584 in
1898 525 2157 605 pericula

39 612 309 665 vectum
328 614 615 686 perpetua
634 606 903 669 felicitate
928 603 1227 686 protexit?
1270 606 1434 667 Vitae
1453 626 1683 687 quoque
1705 609 1880 669 finem
1901 612 2266 683 eundemffi

36 690 143 751 illi
192 706 373 769 quem
414 690 631 769 gloriae
668 691 885 755 statuit.
945 691 1376 771 Exspectavere
1405 710 1538 755 eum
1571 694 1705 771 fata,
1751 695 1890 757 dum
1925 696 2157 761 oriente

34 774 417 859 perdomito
434 776 711 858 aditoque
730 795 970 851 oceano,
1000 778 1286 857 quidquid,
1300 780 1622 841 mortalitas
1643 780 1921 859 capiebat,
1943 783 2158 863 imple-

33 871 181 925 ret.
244 860 397 921 Huic
421 862 547 942 regi
572 864 820 943 ducique
844 882 1155 926 successor
1178 866 1584 943 quaerebatur,
1617 866 1722 927 sed
1755 867 1942 932 maior
1965 870 2156 933 moles
2171 872 2266 939 37

32 954 220 1019 erat,
260 964 437 1025 quam
471 958 537 1011 ut
566 946 719 1011 unus
760 948 959 1013 subire
998 968 1125 1011 eam
1162 959 1389 1030 posset.
1443 950 1646 1031 Itaque
1673 970 1887 1017 nomen
1919 974 2156 1037 quoque

32 1038 203 1095 eius
224 1038 285 1092 et
300 1032 451 1094 fama
474 1054 673 1097 rerum
695 1035 755 1100 in
782 1044 981 1105 totum
992 1038 1428 1116 propemodum
1452 1038 1656 1101 orbem
1683 1056 1854 1119 reges
1878 1059 1949 1103 ac
1967 1060 2158 1121 regna

34 1115 322 1191 diffudit,
345 1120 766 1202 clarissimique
784 1131 925 1185 sunt
940 1121 1147 1195 habiti,
1166 1124 1270 1202 qui
1287 1124 1462 1185 etiam
1479 1123 1757 1185 minimae
1783 1126 1934 1205 parti
1954 1135 2156 1189 tantae

34 1208 345 1269 fortunae
371 1206 787 1269 adhaeserunt.

200 1290 291 1350 Ca
300 1308 363 1369 p.
404 1290 499 1351 VI.
558 1291 831 1353 Ceterum
862 1289 1161 1370 Babylone
1208 1291 1374 1369 (inde
1427 1292 1584 1353 enim
1635 1293 1880 1354 devertit
1931 1294 2149 1376 oratio)
2175 1298 2216 1361 1

30 1374 345 1455 corporis
370 1377 497 1438 eius
522 1376 802 1438 custodes
826 1375 890 1437 in
916 1375 1141 1453 regiam
1170 1376 1467 1456 principes
1501 1376 1820 1439 amicorum
1845 1378 2152 1461 ducesque

30 1460 371 1542 copiarum
414 1463 793 1523 advocavere.
859 1461 1119 1539 Sequuta
1166 1469 1256 1524 est
1296 1462 1539 1523 militum
1577 1464 1747 1528 turba
1793 1464 2154 1542 cupientium

30 1549 245 1621 scire,
280 1546 550 1627 imquem
578 1545 889 1607 Alexandri
924 1547 1159 1607 fortuna
1192 1556 1352 1608 esset
1380 1547 1712 1609 transitura.
1769 1548 1930 1610 Multi
1969 1552 2216 1623 ducesz

28 1630 397 1711 frequentia
438 1630 685 1693 militum
716 1631 933 1693 exclusi
966 1630 1187 1711 regiam
1227 1631 1444 1693 intrare
1481 1651 1601 1693 non
1639 1641 1930 1714 poterant,
1971 1654 2155 1715 quum

20 1734 307 1803 praeco,
328 1718 604 1797 exceptis,
634 1715 729 1796 qui
756 1716 1101 1779 nominatim
1124 1717 1458 1792 citarentur,
1491 1718 1650 1782 adire
1673 1718 1984 1798 prohibuit.
2031 1722 2152 1785 Sed

20 1800 401 1889 precarium
442 1803 830 1881 spernebatur
852 1802 1183 1883 imperium.
1241 1804 1328 1865 Ac
1364 1805 1615 1884 primum
1657 1805 1906 1867 eiulatus
1937 1806 2214 1888 ingensa

18 1891 450 1976 ploratusque
486 1897 801 1954 renovatus
840 1896 947 1964 est,
1000 1888 1214 1952 deinde
1255 1891 1433 1953 futuri
1483 1891 1837 1972 exspectatio
1885 1892 2150 1958 inhibitis

20 1973 324 2042 'lacrimis
351 1974 643 2038 silentium
667 1975 820 2038 fecit.
866 1975 1015 2057 Turn
1034 1977 1318 2039 Perdicca
1337 1978 1498 2062 regia
1519 1979 1662 2039 sella
1678 1977 1742 2040 in
1765 1991 2149 2060 conspectum
2167 1991 2212 2052 4

30 2061 219 2140 vulgi
248 2059 401 2134 data,
428 2060 489 2123 in
520 2079 635 2141 qua
660 2061 928 2122 diadema
950 2063 1245 2142 vestisque
1271 2063 1582 2126 Alexandri
1601 2082 1736 2139 cum
1759 2065 1936 2126 armis
1963 2073 2149 2139 erant,

30 2146 303 2212 anulum
340 2146 453 2208 sibi
487 2146 677 2227 pridie
704 2140 979 2210 traditum
1009 2165 1041 2206 a
1074 2165 1213 2225 rege
1246 2145 1307 2206 in
1337 2147 1541 2208 eadem
1573 2147 1718 2209 sede
1747 2150 1964 2227 posuit,
1998 2169 2150 2228 quo-

30 2250 195 2300 rum
260 2239 503 2311 aspectu
550 2251 757 2296 rursus
811 2232 1076 2294 obortae·
1120 2231 1394 2294 omnibus
1450 2231 1726 2294 lacrimae
1783 2233 2148 2310 integravere

32 2321 309 2384 luctum.
918 2322 923 2337 '
1304 2379 1308 2383 .

188 2402 269 2464 Et
289 2401 591 2477 Perdicca,
622 2402 747 2482 Ego
772 2401 1029 2482 quidem,
1066 2400 1272 2480 inquit,
1311 2399 1569 2473 anulum,
1608 2417 1723 2478 quo
1745 2399 1841 2460 ille
1865 2400 2032 2478 regni
2057 2409 2145 2462 at-
2163 2413 2224 2477 5·

36 2506 178 2572 que
215 2487 451 2568 imperii
487 2488 637 2550 vires
672 2487 985 2568 obsignare
1016 2495 1141 2548 erat
1173 2485 1398 2560 solituS,
1437 2483 1714 2548 traditum
1737 2484 1966 2564 abipso
2001 2485 2147 2548 mihi

32 2573 253 2640 reddo
279 2572 469 2638 vobis,
523 2573 791 2636 Ceterum
827 2589 1177 2654 quamquam
1209 2573 1374 2634 nulla
1398 2571 1596 2634 clades
1622 2569 1776 2645 huic,
1816 2589 1928 2652 qua
1953 2571 2144 2652 affecti
2163 2584 2210 2646 6

34 2677 289 2734 sumus,
314 2676 423 2741 par
449 2659 523 2721 ab
548 2657 710 2723 iratis
739 2658 849 2736 diis
874 2653 1185 2737 excogitari
1208 2665 1425 2738 potest,
1456 2665 1656 2720 tamen
1683 2656 2143 2736 magnitudinem

34 2761 281 2818 rerum,
318 2763 466 2826 quas
494 2745 629 2826 egit,
665 2745 1025 2808 intuentibus
1055 2743 1297 2806 credere
1323 2744 1474 2813 licet,
1510 2752 1737 2806 tantum
1771 2743 1958 2804 virum
1997 2745 2146 2806 deos

38 2831 548 2897 accommodasse
596 2832 775 2894 rebus
825 2829 1097 2892 humanis
1116 2876 1131 2904 ,
1186 2848 1431 2909 quarum
1484 2839 1644 2892 sorte
1697 2831 1984 2910 completa
2026 2831 2143 2908 cito

36 2923 403 2998 repeterent
436 2935 571 2978 eum
608 2935 750 2978 suae
784 2915 970 2996 stirpi.
1026 2914 1285 2976 Proinde
1311 2915 1590 2997 quoniam
1613 2914 1760 2978 nihil
1785 2916 1943 2978 aliud
1973 2935 2043 2980 ex
2069 2935 2140 2980 eo
2159 2922 2207 2982 ’Τ

36 3010 353 3086 superest,
380 3021 556 3082 quam
580 3003 737 3083 quod
764 3019 1001 3083 semper
1018 3001 1091 3062 ab
1109 3000 1540 3064 immortalitate
1561 3001 1879 3076 seducitur,
1905 2999 2142 3082 corpori

36 3087 405 3168 nominique
442 3106 617 3167 quam
654 3087 911 3168 primum
953 3089 1107 3151 iusta
1140 3086 1460 3162 solvamus,
1508 3086 1664 3150 haud
1703 3087 1884 3160 obliti,
1925 3087 1988 3146 in
2025 3103 2142 3164 qun

38 3175 228 3248 urbe,
252 3173 408 3237 inter
431 3193 583 3254 quos
606 3173 809 3248 simus,
834 3174 990 3253 quali
1012 3191 1151 3252 rege
1172 3189 1244 3236 ac
1265 3171 1538 3253 praeside
1565 3173 1816 3253 spoliati.
1860 3172 2141 3246 Tractanff
2159 3172 2204 3234 8
2241 3171 2246 3175 ’

40 3264 203 3326 dum
224 3268 332 3334 est,
352 3258 799 3332 commilitones,
818 3259 1326 3340 cogitandumque,
1345 3269 1410 3322 ut
1427 3259 1723 3321 victoriam
1741 3265 1965 3340 partam
1987 3255 2144 3327 inter

38 3349 192 3423 hos,
226 3346 301 3406 de
335 3345 551 3426 quibus
578 3353 745 3425 parta
782 3352 893 3425 est,
932 3345 1197 3407 obtinere
1231 3345 1548 3423 possimus.
1605 3345 1803 3423 Capite
1842 3358 1991 3420 opus
2029 3351 2141 3406 est.
2173 3368 2181 3383 ·
2299 3373 2322 3392 ν

40 3430 320 3496 Hoccine
360 3449 477 3494 uno
520 3450 592 3494 an
634 3427 919 3512 pluribus,
959 3431 1025 3492 in
1065 3437 1260 3492 vestra
1301 3437 1592 3513 potestate
1629 3436 1739 3489 est.
1797 3427 1944 3488 lund
1987 3427 2142 3493 scire

44 3515 321 3592 debetis,
362 3516 667 3594 militarem
700 3515 827 3580 sine
860 3516 1011 3577 duce
1045 3514 1278 3579 turbam
1324 3533 1538 3596 corpus
1579 3529 1710 3574 esse
1745 3511 1876 3573 sine
1905 3511 2150 3594 spiritu.
2259 3537 2266 3544 ·

2363 3659 2377 3714 k--
2365 3551 2379 3646 -ἒ-ι.
2365 3373 2381 3512 .μ.-Ω-
