2417 3900
239 111 323 174 32
705 113 806 176 DE
849 113 1111 176 GESTIS
1154 114 1584 176 ALEXANDRI
1626 112 1866 175 MAGNI

243 233 320 294 ad
357 249 598 293 manum
643 240 792 306 erat,
837 233 990 312 Tyro
1029 240 1229 293 vetere
1264 233 1620 313 praebente:
1666 231 1941 293 materies
1978 250 2047 291 ex
2081 231 2319 294 Libano

143 318 222 379 19
241 327 444 381 monte
487 317 710 380 ratibus
749 327 810 382 et
846 319 1108 381 turribus
1147 318 1431 381 faciendis
1472 319 1890 380 advehebatur.
1981 317 2231 398 lamque
2290 339 2322 380 a

241 405 428 467 fundo
471 403 648 466 maris
688 404 751 465 in
785 403 1152 468 altitudinem
1188 405 1407 468 montis
1448 424 1597 487 opus
1634 411 1995 479 excreverat,
2040 407 2321 468 nondum

238 499 441 553 tamen
467 509 654 569 aquae
678 491 973 569 fastigium
991 493 1297 571 aequabat,
1326 503 1402 567 et,
1427 511 1544 572 quo
1568 491 1799 570 longius
1817 491 2007 552 moles
2030 493 2326 570 agebatur

241 596 277 639 a
299 577 490 651 litore,
513 577 634 638 hoc
651 577 855 656 magis,
883 577 1168 658 quidquid
1188 578 1590 657 ingerebatur,
1615 578 1939 657 praealtum
1957 576 2328 640 absorbebat

138 665 224 728 20
244 681 434 724 mare:
463 681 644 742 quum
672 663 826 743 Tyrii
850 665 1050 744 parvis
1073 664 1315 742 navigiis
1344 663 1595 727 admotis
1621 682 1731 744 per
1750 663 2065 724 ludibrium
2097 684 2327 744 expro-

137 773 144 778 ·
241 750 521 822 brabant,
559 748 902 812 illos-armis
930 750 1164 812 inclitos
1195 751 1375 811 dorso
1400 750 1551 811 sicut
1571 749 1829 810 iumenta
1858 768 2037 811 onera
2063 763 2327 830 gestare.

243 833 696 914 Interrogabant
737 835 936 909 etiam,
990 853 1134 898 num
1184 837 1375 896 maior
1412 836 1686 916 Neptuno
1734 836 2063 898 Alexander
2113 836 2329 900 esset?

243 920 406 982 Haec
428 919 559 998 ipsa
585 919 896 982 insectatio
921 921 1273 983 alacritatem
1302 921 1549 983 militum
1577 921 1864 983 accendit.

141 1006 224 1070 21
379 1004 620 1085 lamque
645 1006 904 1087 paullum
927 1009 1114 1068 moles
1145 1011 1295 1087 aqua
1333 1007 1625 1070 eminebat
1653 1015 1711 1069 et
1735 1006 1908 1069 simul
1930 1005 2160 1085 aggeris
2190 1006 2328 1068 lati·-

244 1091 390 1152 tudo
415 1092 720 1155 crescebat
756 1093 1005 1172 urbique
1039 1095 1488 1169 admovebatur,
1527 1111 1708 1174 quum
1734 1093 1888 1174 Tyrii
1914 1092 2331 1170 magnitudine
2409 1111 2410 1114 ’

243 1177 441 1251 molis,
468 1177 635 1240 cuius
660 1177 1091 1240 incrementum
1117 1199 1222 1242 eos
1250 1187 1385 1242 ante
1409 1181 1708 1254 fefellerat,
1750 1187 2068 1258 conspecta
2093 1179 2331 1241 levibus

243 1261 492 1342 navigiis
517 1265 785 1326 nondum
810 1265 1190 1328 commissum
1218 1285 1369 1346 opus
1400 1265 1706 1327 circumire
1733 1273 2082 1344 coeperunt,
2119 1265 2331 1326 missi-

143 1347 226 1410 22
244 1349 402 1415 libus
430 1368 666 1430 quoque
691 1369 815 1424 eos,
845 1351 944 1431 qui
969 1369 1080 1431 pro
1100 1371 1284 1432 opere
1309 1352 1560 1426 stabant,
1586 1353 1905 1413 incessere.
1950 1349 2146 1413 Multis
2176 1370 2327 1430 ergo

137 1495 144 1500 .
243 1434 490 1514 impune
529 1436 847 1499 vulneratis
885 1457 1065 1518 quum
1101 1447 1158 1500 et
1199 1455 1508 1500 removere
1543 1446 1600 1499 et
1634 1439 1929 1518 appellere
1966 1438 2222 1517 scaphas
2262 1439 2331 1499 in

249 1521 528 1600 expedito
551 1533 742 1598 esset,
778 1524 853 1584 ad
884 1543 1080 1586 curam
1109 1530 1300 1586 semet
1323 1525 1491 1604 ipsos
1525 1525 1735 1586 tuendi
1760 1525 1831 1584 ab
1860 1541 2043 1602 opere
2070 1542 2334 1585 conver·
2408 1569 2410 1584 .

145 1613 464 1673 23terant.
549 1608 738 1686 Igitur
775 1627 879 1670 rex
915 1611 1318 1672 munientibus
1358 1611 1518 1670 coria
1558 1612 1799 1690 velaque
1839 1609 2010 1670 iussit
2058 1609 2332 1682 obtendi,
2408 1603 2410 1610 ’

247 1700 314 1752 ιιι
338 1700 502 1754 extra
535 1693 634 1754 teli
655 1693 835 1755 ictum
861 1697 1392 1775 essenttoduasque
1420 1703 1612 1757 turres
1659 1713 1729 1756 ex
1765 1695 1953 1775 capite
1990 1695 2162 1757 molis
2191 1715 2333 1757 ere-

145 1779 231 1841 24
249 1776 350 1851 xit,
381 1793 416 1836 e
441 1776 657 1874 quibus
679 1779 740 1840 in
763 1779 1086 1842 subeuntes
1111 1782 1365 1861 scaphas
1391 1783 1508 1842 tela
1529 1781 1719 1860 ingeri
1746 1790 2014 1861 possent
2105 1782 2330 1844 Contra
2407 1853 2409 1858 ,

249 1861 406 1942 Tyrii
429 1861 654 1941 navigia
684 1865 891 1942 procul
918 1883 951 1924 a
979 1875 1301 1944 conspectu
1324 1867 1580 1928 hostium
1608 1869 1765 1930 litori
1790 1868 2108 1949 appellunt,
2136 1888 2331 1949 expo-

145 1980 163 2029 5
250 1949 498 2027 sitisque
522 1950 804 2011 militibus
827 1968 950 2026 eos,
995 1952 1094 2031 qui
1125 1970 1262 2013 saxa
1291 1956 1617 2042 gestabant
1656 1956 1793 2015 obti
1798 1962 2031 2016 uncant
2122 1954 2193 2017 In
2228 1956 2333 2018 Li-

251 2034 409 2097 bano
437 2051 672 2121 quoque
695 2037 953 2098 Arabum
988 2047 1255 2119 agrestes
1282 2002 1712 2120 incompositos
1740 2040 2093 2102 Macedonas
2127 2042 2327 2105 adorti

249 2119 486 2199 triginta
512 2123 652 2183 fere
659 2122 1041 2197 interficiunt,
1087 2125 1467 2205 paucioribus
1494 2128 1697 2207 captis·

195 2213 232 2275 l
383 2206 546 2287 Cap.
569 2208 670 2270 111.
731 2208 815 2270 Ea
838 2228 938 2270 res
967 2210 1361 2273 Alexandrum
1391 2213 1652 2275 dividere
1680 2212 1879 2292 copias
1905 2210 2123 2289 coegit.
2162 2221 2224 2272 et
2254 2232 2335 2274 ne

253 2292 512 2371 segniter
536 2295 798 2357 assidere
826 2296 930 2357 uni
951 2298 1081 2359 urbi
1101 2298 1415 2373 videretur,
1440 2300 1604 2379 operi
1624 2298 1966 2360 Perdiccam
1986 2298 2337 2359 Craterum-

195 2396 368 2456 2que
403 2381 711 2458 praefecit,
745 2384 874 2461 ipse
912 2402 1045 2445 cum
1084 2385 1353 2464 expedita
1392 2405 1571 2447 manu
1593 2384 1865 2447 Arabiam
1892 2383 2075 2461 petiit.
2164 2382 2341 2446 Intei

155 2488 166 2531 ,·
252 2464 402 2523 haec
428 2465 582 2543 Tyrii
607 2486 818 2528 navem
843 2469 1247 2547 magnitudine
1274 2470 1517 2545 eximia,
1561 2471 1715 2532 saxis
1752 2474 2048 2547 arenaque
2074 2487 2105 2529 a
2136 2473 2336 2549 puppi

253 2557 576 2623 oneratam,
611 2551 692 2613 ita
717 2561 783 2613 ut
805 2555 1050 2615 multum
1077 2574 1256 2634 prora
1280 2557 1593 2631 emineret,
1630 2557 1916 2618 bitumine
1941 2574 2012 2615 ac
2038 2556 2296 2653 sulphur
2300 2578 2336 2617 e

253 2631 457 2693 illitam
495 2636 676 2697 remis
713 2638 1183 2713 concitaverunt;
1222 2650 1281 2703 et
1314 2662 1493 2722 quum
1537 2660 1807 2722 magnam
1849 2642 1965 2701 vim
2004 2642 2162 2702 venti
2201 2644 2337 2703 vela

257 2736 496 2797 quoque
523 2722 964 2821 concepissent,
1000 2726 1267 2787 celeriter
1301 2730 1375 2789 ad
1402 2730 1618 2790 molem
1648 2728 1954 2790 successit.
1990 2736 2117 2792 tum
2148 2734 2337 2807 plora
2370 2789 2377 2801 ,

258 2803 386 2864 eius
413 2812 662 2869 accensa
686 2809 940 2888 remiges
965 2810 1303 2874 desiluere
1286 2834 1347 2875 ιιι
1375 2816 1657 2895 scaphas
1698 2832 1848 2893 quae
1888 2816 1961 2874 ad
1989 2815 2144 2874 hoc
2130 2834 2335 2893 ipsum
2410 2852 2412 2859 ·

199 2903 640 2970 3praeparatae
675 2897 1094 2975 sequebantur.
1179 2899 1355 2961 Navis
1399 2912 1593 2963 autem
1636 2902 1773 2980 igne
1820 2910 2109 2979 concepto
2156 2902 2335 2963 latius

185 2986 193 2991 ·
254 2977 508 3038 fundere
549 2979 884 3044 incendium
925 2984 1147 3064 coepit,
1198 2986 1390 3065 quod,
1441 2988 1783 3067 priusquam
1828 2996 2032 3065 posset
2076 2992 2337 3062 occurri,

199 3080 244 3141 4
261 3071 456 3124 turres
484 3074 544 3127 et
565 3075 758 3130 cetera
771 3086 966 3167 ‘opera
989 3070 1048 3131 in
1075 3071 1264 3149 capite
1291 3073 1461 3133 molis
1489 3075 1678 3154 posita
1710 3073 2178 3152 comprehendit.
2262 3076 2339 3135 At

261 3149 362 3228 qui
384 3150 783 3217 desiluerant
767 3174 829 3215 ιιι
855 3174 1031 3235 parva
1057 3157 1309 3235 navigia,
1351 3160 1527 3233 faces,
1570 3169 1627 3220 et
1653 3159 1937 3240 quidquid
1964 3160 2225 3221 alendo
2210 3162 2337 3239 igni

258 3244 462 3316 aptum
489 3247 630 3313 erat,
658 3240 718 3302 in
746 3243 953 3303 eadem
989 3261 1167 3322 opera
1193 3245 1486 3323 ingerunt.
1577 3246 1814 3325 lamque
1843 3264 1962 3306 non
1989 3247 2171 3308 modo
2206 3248 2335 3307 Ma·-

261 3325 555 3387 cecanum
579 3334 792 3400 turreS,
819 3329 924 3389 sed
953 3330 1125 3389 etiam
1150 3332 1649 3394 summa-tabulata
1676 3340 2074 3411 conceperant
2098 3332 2336 3411 ignem:

266 3427 445 3488 quum
469 3412 556 3487 hi,-
606 3414 705 3492 qui
740 3414 800 3475 in
837 3416 1094 3476 turribus
1136 3424 1330 3490 erant,
1379 3419 1589 3498 partim
1618 3419 1995 3479 haurirentur
2027 3418 2335 3495 incendio,

207 3514 250 3571 5
267 3498 477 3595 partim
506 3500 684 3561 armis
713 3500 944 3563 omissis
969 3502 1030 3562 in
1057 3520 1221 3563 mare
1246 3505 1567 3584 semetipsi
1590 3504 1989 3565 immitterent.
2048 3506 2122 3564 At
2149 3506 2336 3587 Tyrii,

269 3584 368 3659 qui
391 3603 600 3665 capere
627 3606 729 3649 eos
754 3606 925 3668 quam
961 3588 1292 3651 interficere
1328 3592 1588 3663 mallent,
1626 3590 1947 3651 natantium
1974 3608 2192 3654 manus
2224 3592 2336 3653 sti-
