<?xml version="1.0" encoding="UTF-8"?>
<!DOCTYPE html PUBLIC "-//W3C//DTD XHTML 1.0 Transitional//EN"
    "http://www.w3.org/TR/xhtml1/DTD/xhtml1-transitional.dtd">
<html xmlns="http://www.w3.org/1999/xhtml" xml:lang="en" lang="en">
 <head>
  <title>
</title>
<meta http-equiv="Content-Type" content="text/html;charset=utf-8" />
  <meta name='ocr-system' content='tesseract 3.04.00' />
  <meta name='ocr-capabilities' content='ocr_page ocr_carea ocr_par ocr_line ocrx_word'/>
</head>
<body>
  <div class='ocr_page' id='page_1' title='image "./qcurtiirufidege00kochgoog_0096.png"; bbox 0 0 2417 3900; ppageno 0'>
   <div class='ocr_carea' id='block_1_1' title="bbox 486 92 2131 195">
    <p class='ocr_par' dir='ltr' id='par_1_1' title="bbox 486 92 2131 195">
     <span class='ocr_line' id='line_1_1' title="bbox 486 92 2131 195; baseline -0.003 -35.851"><span class='ocrx_word' id='word_1_1' title='bbox 486 96 691 195; x_wconf 55' lang='lat' dir='ltr'>121ss.</span> <span class='ocrx_word' id='word_1_2' title='bbox 727 97 792 157; x_wconf 86' lang='lat' dir='ltr'><strong>V.</strong></span> <span class='ocrx_word' id='word_1_3' title='bbox 825 94 984 177; x_wconf 80' lang='lat'><em>(111.)</em></span> <span class='ocrx_word' id='word_1_4' title='bbox 1023 98 1186 161; x_wconf 78' lang='lat' dir='ltr'>CAP.</span> <span class='ocrx_word' id='word_1_5' title='bbox 1216 98 1347 161; x_wconf 82' lang='grc' dir='ltr'><strong>ΧΠ.</strong></span> <span class='ocrx_word' id='word_1_6' title='bbox 1392 92 1640 160; x_wconf 76' lang='grc'>1-20,</span> <span class='ocrx_word' id='word_1_7' title='bbox 1706 104 1711 116; x_wconf 87' lang='grc'><strong>’</strong></span> <span class='ocrx_word' id='word_1_8' title='bbox 2048 94 2131 156; x_wconf 81' lang='grc'><strong>89</strong></span> 
     </span>
    </p>
   </div>
   <div class='ocr_carea' id='block_1_2' title="bbox 49 212 2284 3652">
    <p class='ocr_par' dir='ltr' id='par_1_2' title="bbox 49 212 2275 2343">
     <span class='ocr_line' id='line_1_2' title="bbox 99 212 2145 295; baseline 0 -18"><span class='ocrx_word' id='word_1_9' title='bbox 99 232 232 295; x_wconf 88' lang='lat' dir='ltr'><strong>quae</strong></span> <span class='ocrx_word' id='word_1_10' title='bbox 253 212 460 278; x_wconf 78' lang='lat' dir='ltr'><strong>Patron</strong></span> <span class='ocrx_word' id='word_1_11' title='bbox 479 215 794 289; x_wconf 80' lang='lat' dir='ltr'><strong>detulerat,</strong></span> <span class='ocrx_word' id='word_1_12' title='bbox 813 213 979 281; x_wconf 81' lang='lat' dir='ltr'><strong>haud</strong></span> <span class='ocrx_word' id='word_1_13' title='bbox 998 214 1269 281; x_wconf 64' lang='lat' dir='ltr'><strong>dumam</strong></span> <span class='ocrx_word' id='word_1_14' title='bbox 1290 216 1637 289; x_wconf 55' lang='lat' dir='ltr'><strong>malfam„</strong></span> <span class='ocrx_word' id='word_1_15' title='bbox 1657 213 1807 294; x_wconf 71' lang='lat' dir='ltr'><strong>quin</strong></span> <span class='ocrx_word' id='word_1_16' title='bbox 1830 218 2145 277; x_wconf 73' lang='lat' dir='ltr'><strong>transenn-</strong></span> 
     </span>
     <span class='ocr_line' id='line_1_3' title="bbox 97 300 2146 383; baseline 0 -20"><span class='ocrx_word' id='word_1_17' title='bbox 97 303 224 363; x_wconf 90' lang='lat' dir='ltr'><strong>dum</strong></span> <span class='ocrx_word' id='word_1_18' title='bbox 256 310 406 363; x_wconf 87' lang='lat' dir='ltr'><strong>esset</strong></span> <span class='ocrx_word' id='word_1_19' title='bbox 445 300 506 363; x_wconf 90' lang='lat' dir='ltr'><strong>in</strong></span> <span class='ocrx_word' id='word_1_20' title='bbox 550 309 744 364; x_wconf 84' lang='lat' dir='ltr'><strong>eastra</strong></span> <span class='ocrx_word' id='word_1_21' title='bbox 781 300 1166 367; x_wconf 78' lang='lat' dir='ltr'><strong>Graecorum.</strong></span> <span class='ocrx_word' id='word_1_22' title='bbox 1193 300 1437 373; x_wconf 65' lang='lat' dir='ltr'><strong>Persas</strong></span> <span class='ocrx_word' id='word_1_23' title='bbox 1463 320 1704 383; x_wconf 69' lang='lat' dir='ltr'><strong>quoque</strong></span> <span class='ocrx_word' id='word_1_24' title='bbox 1730 300 1991 379; x_wconf 72' lang='lat' dir='ltr'><strong>periculo</strong></span> <span class='ocrx_word' id='word_1_25' title='bbox 2018 302 2146 363; x_wconf 71' lang='lat' dir='ltr'><strong>ml-</strong></span> 
     </span>
     <span class='ocr_line' id='line_1_4' title="bbox 93 365 2209 471; baseline 0.003 -24"><span class='ocrx_word' id='word_1_26' title='bbox 93 396 211 467; x_wconf 86' lang='lat' dir='ltr'><strong>gato</strong></span> <span class='ocrx_word' id='word_1_27' title='bbox 251 397 624 471; x_wconf 84' lang='lat' dir='ltr'><strong>sequuturos.</strong></span> <span class='ocrx_word' id='word_1_28' title='bbox 677 385 1022 453; x_wconf 67' lang='lat' dir='ltr'><strong>Destinatus</strong></span> <span class='ocrx_word' id='word_1_29' title='bbox 1051 365 1203 447; x_wconf 76' lang='lat' dir='ltr'><strong>sorti</strong></span> <span class='ocrx_word' id='word_1_30' title='bbox 1230 404 1376 450; x_wconf 76' lang='lat' dir='ltr'><strong>suae</strong></span> <span class='ocrx_word' id='word_1_31' title='bbox 1414 396 1471 451; x_wconf 83' lang='lat' dir='ltr'><strong>et</strong></span> <span class='ocrx_word' id='word_1_32' title='bbox 1502 388 1620 451; x_wconf 81' lang='lat' dir='ltr'><strong>iam</strong></span> <span class='ocrx_word' id='word_1_33' title='bbox 1650 386 1869 449; x_wconf 64' lang='lat' dir='ltr'><strong>unitim</strong></span> <span class='ocrx_word' id='word_1_34' title='bbox 1893 386 2147 449; x_wconf 75' lang='lat' dir='ltr'><strong>salubris</strong></span> <span class='ocrx_word' id='word_1_35' title='bbox 2166 393 2209 454; x_wconf 85' lang='lat'>8</span> 
     </span>
     <span class='ocr_line' id='line_1_5' title="bbox 93 470 2150 569; baseline -0.001 -34"><span class='ocrx_word' id='word_1_36' title='bbox 93 472 292 535; x_wconf 87' lang='lat' dir='ltr'><strong>consilii</strong></span> <span class='ocrx_word' id='word_1_37' title='bbox 330 474 563 569; x_wconf 74' lang='lat' dir='ltr'><strong>patiens</strong></span> <span class='ocrx_word' id='word_1_38' title='bbox 597 471 834 533; x_wconf 86' lang='lat' dir='ltr'><strong>unicam</strong></span> <span class='ocrx_word' id='word_1_39' title='bbox 871 470 935 531; x_wconf 87' lang='lat' dir='ltr'><strong>in</strong></span> <span class='ocrx_word' id='word_1_40' title='bbox 965 471 1062 533; x_wconf 78' lang='lat' dir='ltr'><strong>illa</strong></span> <span class='ocrx_word' id='word_1_41' title='bbox 1093 472 1333 541; x_wconf 74' lang='lat' dir='ltr'><strong>fortuna</strong></span> <span class='ocrx_word' id='word_1_42' title='bbox 1368 474 1979 554; x_wconf 67' lang='lat' dir='ltr'><strong>opem‚A1-tabazuuz‚</strong></span> <span class='ocrx_word' id='word_1_43' title='bbox 2012 472 2150 533; x_wconf 80' lang='lat' dir='ltr'><strong>ulti</strong></span> 
     </span>
     <span class='ocr_line' id='line_1_6' title="bbox 89 557 2203 640; baseline -0.002 -19"><span class='ocrx_word' id='word_1_44' title='bbox 89 578 238 621; x_wconf 89' lang='lat' dir='ltr'><strong>mum</strong></span> <span class='ocrx_word' id='word_1_45' title='bbox 271 560 432 619; x_wconf 85' lang='lat' dir='ltr'><strong>illum</strong></span> <span class='ocrx_word' id='word_1_46' title='bbox 476 557 732 631; x_wconf 75' lang='lat' dir='ltr'><strong>visuruS,</strong></span> <span class='ocrx_word' id='word_1_47' title='bbox 767 557 1180 637; x_wconf 81' lang='lat' dir='ltr'><strong>amplectitur·</strong></span> <span class='ocrx_word' id='word_1_48' title='bbox 1175 561 1601 640; x_wconf 67' lang='lat' dir='ltr'><strong>perfususque</strong></span> <span class='ocrx_word' id='word_1_49' title='bbox 1633 560 1857 623; x_wconf 75' lang='lat' dir='ltr'><strong>muniis</strong></span> <span class='ocrx_word' id='word_1_50' title='bbox 1898 557 2155 619; x_wconf 77' lang='lat' dir='ltr'><strong>lacrimis</strong></span> <span class='ocrx_word' id='word_1_51' title='bbox 2196 566 2203 571; x_wconf 83' lang='grc'><em>’</em></span> 
     </span>
     <span class='ocr_line' id='line_1_7' title="bbox 87 642 2158 725; baseline -0.001 -19"><span class='ocrx_word' id='word_1_52' title='bbox 87 644 473 707; x_wconf 78' lang='lat' dir='ltr'><strong>inhaerentem</strong></span> <span class='ocrx_word' id='word_1_53' title='bbox 509 642 623 705; x_wconf 86' lang='lat' dir='ltr'><strong>sibi</strong></span> <span class='ocrx_word' id='word_1_54' title='bbox 655 642 822 706; x_wconf 81' lang='lat' dir='ltr'><strong>avelli</strong></span> <span class='ocrx_word' id='word_1_55' title='bbox 854 642 1034 719; x_wconf 79' lang='lat' dir='ltr'><strong>iubet,</strong></span> <span class='ocrx_word' id='word_1_56' title='bbox 1063 647 1245 725; x_wconf 81' lang='lat' dir='ltr'><strong>capiti</strong></span> <span class='ocrx_word' id='word_1_57' title='bbox 1272 644 1489 709; x_wconf 71' lang='lat' dir='ltr'><strong>deinde</strong></span> <span class='ocrx_word' id='word_1_58' title='bbox 1518 643 1727 718; x_wconf 80' lang='lat' dir='ltr'><strong>velato,</strong></span> <span class='ocrx_word' id='word_1_59' title='bbox 1746 664 1833 707; x_wconf 34' lang='lat' dir='ltr'><strong>‘ne</strong></span> <span class='ocrx_word' id='word_1_60' title='bbox 1866 645 2027 705; x_wconf 78' lang='lat' dir='ltr'><strong>inter</strong></span> <span class='ocrx_word' id='word_1_61' title='bbox 2050 660 2158 721; x_wconf 73' lang='lat' dir='ltr'><strong>gc·-</strong></span> 
     </span>
     <span class='ocr_line' id='line_1_8' title="bbox 86 728 2155 810; baseline -0.001 -17"><span class='ocrx_word' id='word_1_62' title='bbox 86 732 254 795; x_wconf 88' lang='lat' dir='ltr'><strong>mitus</strong></span> <span class='ocrx_word' id='word_1_63' title='bbox 280 728 704 808; x_wconf 80' lang='lat' dir='ltr'><strong>digredientem</strong></span> <span class='ocrx_word' id='word_1_64' title='bbox 738 730 894 792; x_wconf 80' lang='lat' dir='ltr'><strong>velut</strong></span> <span class='ocrx_word' id='word_1_65' title='bbox 913 747 952 791; x_wconf 85' lang='lat' dir='ltr'><strong>a</strong></span> <span class='ocrx_word' id='word_1_66' title='bbox 977 749 1124 810; x_wconf 80' lang='lat' dir='ltr'><strong>rogo</strong></span> <span class='ocrx_word' id='word_1_67' title='bbox 1150 733 1503 807; x_wconf 71' lang='lat' dir='ltr'><strong>intueretur,</strong></span> <span class='ocrx_word' id='word_1_68' title='bbox 1535 730 1599 793; x_wconf 74' lang='lat' dir='ltr'><strong>in</strong></span> <span class='ocrx_word' id='word_1_69' title='bbox 1626 731 1871 795; x_wconf 74' lang='lat' dir='ltr'><strong>imum</strong></span> <span class='ocrx_word' id='word_1_70' title='bbox 1898 745 2155 810; x_wconf 63' lang='lat' dir='ltr'><strong>pinnum</strong></span> 
     </span>
     <span class='ocr_line' id='line_1_9' title="bbox 87 816 2216 897; baseline -0.002 -17"><span class='ocrx_word' id='word_1_71' title='bbox 87 836 295 897; x_wconf 87' lang='lat' dir='ltr'><strong>corpus</strong></span> <span class='ocrx_word' id='word_1_72' title='bbox 314 816 540 877; x_wconf 85' lang='lat' dir='ltr'><strong>abiecit.</strong></span> <span class='ocrx_word' id='word_1_73' title='bbox 585 818 734 877; x_wconf 87' lang='lat' dir='ltr'><strong>Tum</strong></span> <span class='ocrx_word' id='word_1_74' title='bbox 757 834 896 879; x_wconf 80' lang='lat' dir='ltr'><strong>vero</strong></span> <span class='ocrx_word' id='word_1_75' title='bbox 923 816 1195 895; x_wconf 67' lang='lat' dir='ltr'><strong>custodia</strong></span> <span class='ocrx_word' id='word_1_76' title='bbox 1220 817 1347 881; x_wconf 73' lang='lat' dir='ltr'><strong>eius</strong></span> <span class='ocrx_word' id='word_1_77' title='bbox 1372 816 1617 891; x_wconf 72' lang='lat' dir='ltr'><strong>assueti,</strong></span> <span class='ocrx_word' id='word_1_78' title='bbox 1642 834 1793 897; x_wconf 80' lang='lat' dir='ltr'><strong>quos</strong></span> <span class='ocrx_word' id='word_1_79' title='bbox 1809 816 1971 896; x_wconf 75' lang='lat' dir='ltr'><strong>regis</strong></span> <span class='ocrx_word' id='word_1_80' title='bbox 1995 816 2153 878; x_wconf 74' lang='lat' dir='ltr'><strong>salu-</strong></span> <span class='ocrx_word' id='word_1_81' title='bbox 2174 817 2216 877; x_wconf 82' lang='lat'>9</span> 
     </span>
     <span class='ocr_line' id='line_1_10' title="bbox 83 902 2153 985; baseline -0 -20"><span class='ocrx_word' id='word_1_82' title='bbox 83 911 200 965; x_wconf 89' lang='lat' dir='ltr'><strong>tem</strong></span> <span class='ocrx_word' id='word_1_83' title='bbox 237 903 320 965; x_wconf 84' lang='lat' dir='ltr'><strong>vel</strong></span> <span class='ocrx_word' id='word_1_84' title='bbox 355 902 626 983; x_wconf 79' lang='lat' dir='ltr'><strong>periculis</strong></span> <span class='ocrx_word' id='word_1_85' title='bbox 667 902 818 965; x_wconf 81' lang='lat' dir='ltr'><strong>vitae</strong></span> <span class='ocrx_word' id='word_1_86' title='bbox 856 902 1010 965; x_wconf 83' lang='lat' dir='ltr'><strong>tueri</strong></span> <span class='ocrx_word' id='word_1_87' title='bbox 1052 904 1399 985; x_wconf 73' lang='lat' dir='ltr'><strong>oportebat,</strong></span> <span class='ocrx_word' id='word_1_88' title='bbox 1437 902 1653 985; x_wconf 71' lang='lat' dir='ltr'><strong>ditapsi</strong></span> <span class='ocrx_word' id='word_1_89' title='bbox 1688 910 1855 978; x_wconf 78' lang='lat' dir='ltr'><strong>sunt,</strong></span> <span class='ocrx_word' id='word_1_90' title='bbox 1894 903 2153 977; x_wconf 42' lang='lat' dir='ltr'><strong>armni&amp;</strong></span> 
     </span>
     <span class='ocr_line' id='line_1_11' title="bbox 85 989 2157 1070; baseline -0 -19"><span class='ocrx_word' id='word_1_91' title='bbox 85 1008 230 1070; x_wconf 89' lang='lat' dir='ltr'><strong>quos</strong></span> <span class='ocrx_word' id='word_1_92' title='bbox 251 989 361 1051; x_wconf 88' lang='lat' dir='ltr'><strong>iam</strong></span> <span class='ocrx_word' id='word_1_93' title='bbox 391 991 702 1052; x_wconf 86' lang='lat' dir='ltr'><strong>adventare</strong></span> <span class='ocrx_word' id='word_1_94' title='bbox 741 989 1081 1065; x_wconf 80' lang='lat' dir='ltr'><strong>credebaut,</strong></span> <span class='ocrx_word' id='word_1_95' title='bbox 1115 990 1277 1053; x_wconf 78' lang='lat' dir='ltr'><strong>haud</strong></span> <span class='ocrx_word' id='word_1_96' title='bbox 1312 992 1425 1056; x_wconf 86' lang='lat' dir='ltr'><strong>rati</strong></span> <span class='ocrx_word' id='word_1_97' title='bbox 1458 1010 1525 1053; x_wconf 84' lang='lat' dir='ltr'><strong>se</strong></span> <span class='ocrx_word' id='word_1_98' title='bbox 1553 992 1785 1055; x_wconf 82' lang='lat' dir='ltr'><strong>futuros</strong></span> <span class='ocrx_word' id='word_1_99' title='bbox 1812 1008 2009 1069; x_wconf 83' lang='lat' dir='ltr'><strong>pares.</strong></span> <span class='ocrx_word' id='word_1_100' title='bbox 2054 989 2157 1051; x_wconf 84' lang='lat' dir='ltr'><strong>In·-</strong></span> 
     </span>
     <span class='ocr_line' id='line_1_12' title="bbox 49 1073 2158 1157; baseline 0.001 -26"><span class='ocrx_word' id='word_1_101' title='bbox 49 1094 220 1155; x_wconf 83' lang='lat' dir='ltr'><strong>.gens</strong></span> <span class='ocrx_word' id='word_1_102' title='bbox 251 1094 386 1155; x_wconf 83' lang='lat' dir='ltr'><strong>ergo</strong></span> <span class='ocrx_word' id='word_1_103' title='bbox 411 1076 472 1137; x_wconf 91' lang='lat' dir='ltr'><strong>in</strong></span> <span class='ocrx_word' id='word_1_104' title='bbox 501 1077 890 1147; x_wconf 81' lang='lat' dir='ltr'><strong>tabernaculo</strong></span> <span class='ocrx_word' id='word_1_105' title='bbox 913 1076 1176 1141; x_wconf 76' lang='lat' dir='ltr'><strong>solitudo</strong></span> <span class='ocrx_word' id='word_1_106' title='bbox 1201 1085 1345 1151; x_wconf 86' lang='lat' dir='ltr'><strong>erat,</strong></span> <span class='ocrx_word' id='word_1_107' title='bbox 1370 1076 1577 1157; x_wconf 83' lang='lat' dir='ltr'><strong>paucis</strong></span> <span class='ocrx_word' id='word_1_108' title='bbox 1602 1075 1995 1156; x_wconf 82' lang='lat' dir='ltr'><strong>spadonibus,</strong></span> <span class='ocrx_word' id='word_1_109' title='bbox 2022 1073 2158 1153; x_wconf 86' lang='lat' dir='ltr'><strong>quia</strong></span> 
     </span>
     <span class='ocr_line' id='line_1_13' title="bbox 82 1158 2264 1243; baseline 0 -21"><span class='ocrx_word' id='word_1_110' title='bbox 82 1174 193 1243; x_wconf 88' lang='lat' dir='ltr'><strong>quo‘</strong></span> <span class='ocrx_word' id='word_1_111' title='bbox 219 1162 589 1225; x_wconf 86' lang='lat' dir='ltr'><strong>discede-rent</strong></span> <span class='ocrx_word' id='word_1_112' title='bbox 626 1182 750 1225; x_wconf 82' lang='lat' dir='ltr'><strong>nun</strong></span> <span class='ocrx_word' id='word_1_113' title='bbox 776 1163 1098 1238; x_wconf 80' lang='lat' dir='ltr'><strong>habehant,</strong></span> <span class='ocrx_word' id='word_1_114' title='bbox 1131 1162 1645 1225; x_wconf 77' lang='lat' dir='ltr'><strong>circumstantibus</strong></span> <span class='ocrx_word' id='word_1_115' title='bbox 1681 1178 1903 1239; x_wconf 81' lang='lat' dir='ltr'><strong>regem.</strong></span> <span class='ocrx_word' id='word_1_116' title='bbox 1958 1160 2033 1219; x_wconf 76' lang='lat' dir='ltr'><strong>At</strong></span> <span class='ocrx_word' id='word_1_117' title='bbox 2062 1158 2161 1218; x_wconf 84' lang='lat' dir='ltr'><strong>ine</strong></span> <span class='ocrx_word' id='word_1_118' title='bbox 2182 1163 2264 1225; x_wconf 82' lang='lat'><strong>10</strong></span> 
     </span>
     <span class='ocr_line' id='line_1_14' title="bbox 77 1244 2163 1327; baseline -0.002 -19"><span class='ocrx_word' id='word_1_119' title='bbox 77 1248 310 1310; x_wconf 87' lang='lat' dir='ltr'><strong>remotis</strong></span> <span class='ocrx_word' id='word_1_120' title='bbox 335 1248 574 1311; x_wconf 86' lang='lat' dir='ltr'><strong>arbitris</strong></span> <span class='ocrx_word' id='word_1_121' title='bbox 601 1248 702 1309; x_wconf 93' lang='lat' dir='ltr'><strong>diu</strong></span> <span class='ocrx_word' id='word_1_122' title='bbox 727 1247 881 1309; x_wconf 88' lang='lat' dir='ltr'><strong>aliud</strong></span> <span class='ocrx_word' id='word_1_123' title='bbox 904 1256 1083 1327; x_wconf 76' lang='lat' dir='ltr'><strong>atque</strong></span> <span class='ocrx_word' id='word_1_124' title='bbox 1107 1248 1267 1310; x_wconf 83' lang='lat' dir='ltr'><strong>aliud</strong></span> <span class='ocrx_word' id='word_1_125' title='bbox 1288 1248 1599 1311; x_wconf 84' lang='lat' dir='ltr'><strong>consilium</strong></span> <span class='ocrx_word' id='word_1_126' title='bbox 1622 1245 1821 1307; x_wconf 87' lang='lat' dir='ltr'><strong>animo</strong></span> <span class='ocrx_word' id='word_1_127' title='bbox 1840 1244 2163 1305; x_wconf 80' lang='lat' dir='ltr'><strong>volutabat.</strong></span> 
     </span>
     <span class='ocr_line' id='line_1_15' title="bbox 75 1330 2174 1417; baseline -0.003 -22"><span class='ocrx_word' id='word_1_128' title='bbox 75 1334 306 1417; x_wconf 84' lang='lat' dir='ltr'><strong>Iamque</strong></span> <span class='ocrx_word' id='word_1_129' title='bbox 327 1334 736 1405; x_wconf 83' lang='lat' dir='ltr'><strong>solitudinem,</strong></span> <span class='ocrx_word' id='word_1_130' title='bbox 765 1350 942 1410; x_wconf 86' lang='lat' dir='ltr'><strong>quam</strong></span> <span class='ocrx_word' id='word_1_131' title='bbox 967 1334 1166 1411; x_wconf 81' lang='lat' dir='ltr'><strong>paullo</strong></span> <span class='ocrx_word' id='word_1_132' title='bbox 1193 1340 1331 1395; x_wconf 86' lang='lat' dir='ltr'><strong>ante</strong></span> <span class='ocrx_word' id='word_1_133' title='bbox 1352 1352 1463 1412; x_wconf 87' lang='lat' dir='ltr'><strong>pro</strong></span> <span class='ocrx_word' id='word_1_134' title='bbox 1484 1330 1695 1393; x_wconf 78' lang='lat' dir='ltr'><strong>solatio</strong></span> <span class='ocrx_word' id='word_1_135' title='bbox 1725 1330 2028 1409; x_wconf 80' lang='lat' dir='ltr'><strong>petiverat,</strong></span> <span class='ocrx_word' id='word_1_136' title='bbox 2032 1346 2174 1409; x_wconf 85' lang='lat' dir='ltr'><strong>per</strong></span> 
     </span>
     <span class='ocr_line' id='line_1_16' title="bbox 78 1414 2262 1495; baseline -0.001 -15"><span class='ocrx_word' id='word_1_137' title='bbox 78 1439 218 1482; x_wconf 89' lang='lat' dir='ltr'><strong>osus</strong></span> <span class='ocrx_word' id='word_1_138' title='bbox 275 1420 556 1480; x_wconf 68' lang='lat' dir='ltr'><strong>Bubacen</strong></span> <span class='ocrx_word' id='word_1_139' title='bbox 592 1417 791 1477; x_wconf 82' lang='lat' dir='ltr'><strong>vocari</strong></span> <span class='ocrx_word' id='word_1_140' title='bbox 827 1417 1010 1481; x_wconf 79' lang='lat' dir='ltr'><strong>iubet.</strong></span> <span class='ocrx_word' id='word_1_141' title='bbox 1059 1418 1251 1491; x_wconf 86' lang='lat' dir='ltr'><strong>Quem</strong></span> <span class='ocrx_word' id='word_1_142' title='bbox 1278 1417 1539 1490; x_wconf 83' lang='lat' dir='ltr'><strong>intuens,</strong></span> <span class='ocrx_word' id='word_1_143' title='bbox 1564 1417 1673 1489; x_wconf 88' lang='lat' dir='ltr'><strong>Ite,</strong></span> <span class='ocrx_word' id='word_1_144' title='bbox 1706 1415 1917 1495; x_wconf 78' lang='lat' dir='ltr'><strong>inquit,</strong></span> <span class='ocrx_word' id='word_1_145' title='bbox 1944 1434 2163 1477; x_wconf 85' lang='lat' dir='ltr'><strong>consu-</strong></span> <span class='ocrx_word' id='word_1_146' title='bbox 2186 1414 2262 1477; x_wconf 92' lang='lat' dir='ltr'><strong>ll</strong></span> 
     </span>
     <span class='ocr_line' id='line_1_17' title="bbox 71 1500 2167 1581; baseline -0.004 -13"><span class='ocrx_word' id='word_1_147' title='bbox 71 1506 190 1568; x_wconf 90' lang='lat' dir='ltr'><strong>lite·</strong></span> <span class='ocrx_word' id='word_1_148' title='bbox 197 1505 384 1579; x_wconf 79' lang='lat' dir='ltr'><strong>vohiS,</strong></span> <span class='ocrx_word' id='word_1_149' title='bbox 414 1504 488 1563; x_wconf 90' lang='lat' dir='ltr'><strong>ad</strong></span> <span class='ocrx_word' id='word_1_150' title='bbox 515 1502 782 1563; x_wconf 86' lang='lat' dir='ltr'><strong>ultimum</strong></span> <span class='ocrx_word' id='word_1_151' title='bbox 809 1502 936 1581; x_wconf 79' lang='lat' dir='ltr'><strong>regi</strong></span> <span class='ocrx_word' id='word_1_152' title='bbox 960 1512 1175 1576; x_wconf 78' lang='lat' dir='ltr'><strong>vestro,</strong></span> <span class='ocrx_word' id='word_1_153' title='bbox 1199 1510 1265 1567; x_wconf 88' lang='grc' dir='ltr'><strong>ιιι</strong></span> <span class='ocrx_word' id='word_1_154' title='bbox 1288 1502 1553 1573; x_wconf 78' lang='lat' dir='ltr'><strong>decebat,</strong></span> <span class='ocrx_word' id='word_1_155' title='bbox 1562 1502 1691 1563; x_wconf 76' lang='lat' dir='ltr'><strong>fide</strong></span> <span class='ocrx_word' id='word_1_156' title='bbox 1718 1500 1994 1563; x_wconf 83' lang='lat' dir='ltr'><strong>exhibita.</strong></span> <span class='ocrx_word' id='word_1_157' title='bbox 2038 1501 2167 1578; x_wconf 79' lang='lat' dir='ltr'><strong>Ego</strong></span> 
     </span>
     <span class='ocr_line' id='line_1_18' title="bbox 69 1549 2167 1671; baseline -0.004 -17"><span class='ocrx_word' id='word_1_158' title='bbox 69 1593 172 1654; x_wconf 89' lang='lat' dir='ltr'><strong>hic</strong></span> <span class='ocrx_word' id='word_1_159' title='bbox 191 1549 391 1671; x_wconf 68' lang='grc' dir='ltr'><strong>Ιοςειιι</strong></span> <span class='ocrx_word' id='word_1_160' title='bbox 411 1588 513 1649; x_wconf 82' lang='lat' dir='ltr'><strong>sati</strong></span> <span class='ocrx_word' id='word_1_161' title='bbox 546 1588 665 1649; x_wconf 88' lang='lat' dir='ltr'><strong>mei</strong></span> <span class='ocrx_word' id='word_1_162' title='bbox 697 1597 998 1668; x_wconf 82' lang='lat' dir='ltr'><strong>exspecto.</strong></span> <span class='ocrx_word' id='word_1_163' title='bbox 1053 1588 1329 1652; x_wconf 83' lang='lat' dir='ltr'><strong>Forsitan</strong></span> <span class='ocrx_word' id='word_1_164' title='bbox 1360 1587 1612 1663; x_wconf 82' lang='lat' dir='ltr'><strong>mireris,</strong></span> <span class='ocrx_word' id='word_1_165' title='bbox 1642 1587 1801 1667; x_wconf 89' lang='lat' dir='ltr'><strong>quod</strong></span> <span class='ocrx_word' id='word_1_166' title='bbox 1836 1586 2027 1647; x_wconf 83' lang='lat' dir='ltr'><strong>vitam</strong></span> <span class='ocrx_word' id='word_1_167' title='bbox 2042 1604 2167 1647; x_wconf 78' lang='lat' dir='ltr'><strong>non</strong></span> 
     </span>
     <span class='ocr_line' id='line_1_19' title="bbox 65 1673 2269 1755; baseline -0.002 -16"><span class='ocrx_word' id='word_1_168' title='bbox 65 1679 307 1740; x_wconf 87' lang='lat' dir='ltr'><strong>finiam:</strong></span> <span class='ocrx_word' id='word_1_169' title='bbox 341 1675 535 1737; x_wconf 81' lang='lat' dir='ltr'><strong>alieno</strong></span> <span class='ocrx_word' id='word_1_170' title='bbox 561 1674 802 1749; x_wconf 85' lang='lat' dir='ltr'><strong>scelere,</strong></span> <span class='ocrx_word' id='word_1_171' title='bbox 833 1694 1008 1755; x_wconf 82' lang='lat' dir='ltr'><strong>quam</strong></span> <span class='ocrx_word' id='word_1_172' title='bbox 1035 1694 1188 1749; x_wconf 85' lang='lat' dir='ltr'><strong>meo,</strong></span> <span class='ocrx_word' id='word_1_173' title='bbox 1214 1674 1369 1739; x_wconf 84' lang='lat' dir='ltr'><strong>mori</strong></span> <span class='ocrx_word' id='word_1_174' title='bbox 1397 1674 1571 1739; x_wconf 83' lang='lat' dir='ltr'><strong>malo.-</strong></span> <span class='ocrx_word' id='word_1_175' title='bbox 1612 1673 1759 1736; x_wconf 83' lang='lat' dir='ltr'><strong>Post</strong></span> <span class='ocrx_word' id='word_1_176' title='bbox 1778 1675 1937 1736; x_wconf 89' lang='lat' dir='ltr'><strong>hanc</strong></span> <span class='ocrx_word' id='word_1_177' title='bbox 1959 1687 2167 1735; x_wconf 77' lang='lat' dir='ltr'><strong>vocem</strong></span> <span class='ocrx_word' id='word_1_178' title='bbox 2193 1686 2269 1748; x_wconf 72' lang='lat'><strong>12</strong></span> 
     </span>
     <span class='ocr_line' id='line_1_20' title="bbox 64 1760 2226 1844; baseline -0.001 -21"><span class='ocrx_word' id='word_1_179' title='bbox 64 1763 268 1844; x_wconf 87' lang='lat' dir='ltr'><strong>spado</strong></span> <span class='ocrx_word' id='word_1_180' title='bbox 303 1760 526 1841; x_wconf 81' lang='lat' dir='ltr'><strong>gemitu</strong></span> <span class='ocrx_word' id='word_1_181' title='bbox 557 1780 680 1823; x_wconf 87' lang='lat' dir='ltr'><strong>non</strong></span> <span class='ocrx_word' id='word_1_182' title='bbox 705 1762 886 1823; x_wconf 82' lang='lat' dir='ltr'><strong>modo</strong></span> <span class='ocrx_word' id='word_1_183' title='bbox 925 1762 1391 1836; x_wconf 77' lang='lat' dir='ltr'><strong>tabernaculum,</strong></span> <span class='ocrx_word' id='word_1_184' title='bbox 1430 1762 1536 1825; x_wconf 84' lang='lat' dir='ltr'><strong>sed</strong></span> <span class='ocrx_word' id='word_1_185' title='bbox 1570 1760 1752 1825; x_wconf 85' lang='lat' dir='ltr'><strong>etiam</strong></span> <span class='ocrx_word' id='word_1_186' title='bbox 1778 1768 1971 1823; x_wconf 81' lang='lat' dir='ltr'><strong>castra</strong></span> <span class='ocrx_word' id='word_1_187' title='bbox 1998 1778 2167 1823; x_wconf 80' lang='lat' dir='ltr'><strong>com-</strong></span> <span class='ocrx_word' id='word_1_188' title='bbox 2216 1822 2226 1829; x_wconf 83' lang='grc'><em>,</em></span> 
     </span>
     <span class='ocr_line' id='line_1_21' title="bbox 61 1842 2167 1931; baseline -0.002 -19"><span class='ocrx_word' id='word_1_189' title='bbox 61 1848 272 1931; x_wconf 87' lang='lat' dir='ltr'><strong>plevit.</strong></span> <span class='ocrx_word' id='word_1_190' title='bbox 315 1848 592 1929; x_wconf 77' lang='lat' dir='ltr'><strong>irrupere</strong></span> <span class='ocrx_word' id='word_1_191' title='bbox 616 1846 834 1910; x_wconf 90' lang='lat' dir='ltr'><strong>deinde</strong></span> <span class='ocrx_word' id='word_1_192' title='bbox 855 1849 952 1911; x_wconf 84' lang='lat' dir='ltr'><strong>alii</strong></span> <span class='ocrx_word' id='word_1_193' title='bbox 972 1849 1367 1929; x_wconf 74' lang='lat' dir='ltr'><strong>laceratisque</strong></span> <span class='ocrx_word' id='word_1_194' title='bbox 1392 1848 1655 1914; x_wconf 81' lang='lat' dir='ltr'><strong>vestibus</strong></span> <span class='ocrx_word' id='word_1_195' title='bbox 1680 1842 1919 1927; x_wconf 71' lang='lat' dir='ltr'><strong>lugubri</strong></span> <span class='ocrx_word' id='word_1_196' title='bbox 1944 1855 2002 1909; x_wconf 87' lang='lat' dir='ltr'><strong>et</strong></span> <span class='ocrx_word' id='word_1_197' title='bbox 2024 1847 2167 1908; x_wconf 80' lang='lat' dir='ltr'><strong>har·-</strong></span> 
     </span>
     <span class='ocr_line' id='line_1_22' title="bbox 64 1934 2273 2020; baseline -0.002 -21"><span class='ocrx_word' id='word_1_198' title='bbox 64 1939 220 1999; x_wconf 88' lang='lat' dir='ltr'><strong>haro</strong></span> <span class='ocrx_word' id='word_1_199' title='bbox 240 1934 465 1998; x_wconf 88' lang='lat' dir='ltr'><strong>ululatu</strong></span> <span class='ocrx_word' id='word_1_200' title='bbox 483 1953 686 2014; x_wconf 82' lang='lat' dir='ltr'><strong>regem</strong></span> <span class='ocrx_word' id='word_1_201' title='bbox 705 1935 1019 2016; x_wconf 83' lang='lat' dir='ltr'><strong>deplorare</strong></span> <span class='ocrx_word' id='word_1_202' title='bbox 1043 1942 1389 2020; x_wconf 81' lang='lat' dir='ltr'><strong>coeperunt.</strong></span> <span class='ocrx_word' id='word_1_203' title='bbox 1414 1936 1633 1998; x_wconf 81' lang='lat' dir='ltr'><strong>Persae</strong></span> <span class='ocrx_word' id='word_1_204' title='bbox 1651 1935 1729 2000; x_wconf 86' lang='lat' dir='ltr'><strong>ad</strong></span> <span class='ocrx_word' id='word_1_205' title='bbox 1752 1935 1887 1998; x_wconf 82' lang='lat' dir='ltr'><strong>iilos</strong></span> <span class='ocrx_word' id='word_1_206' title='bbox 1908 1935 2167 1996; x_wconf 70' lang='lat' dir='ltr'><strong>clamem</strong></span> <span class='ocrx_word' id='word_1_207' title='bbox 2190 1938 2273 2002; x_wconf 78' lang='lat'><strong>13</strong></span> 
     </span>
     <span class='ocr_line' id='line_1_23' title="bbox 65 2020 2168 2104; baseline -0.002 -20"><span class='ocrx_word' id='word_1_208' title='bbox 65 2023 298 2104; x_wconf 88' lang='lat' dir='ltr'><strong>perlato</strong></span> <span class='ocrx_word' id='word_1_209' title='bbox 327 2021 562 2085; x_wconf 82' lang='lat' dir='ltr'><strong>attoniti</strong></span> <span class='ocrx_word' id='word_1_210' title='bbox 585 2030 749 2086; x_wconf 86' lang='lat' dir='ltr'><strong>metu</strong></span> <span class='ocrx_word' id='word_1_211' title='bbox 774 2041 889 2084; x_wconf 88' lang='lat' dir='ltr'><strong>nec</strong></span> <span class='ocrx_word' id='word_1_212' title='bbox 914 2041 1075 2086; x_wconf 87' lang='lat' dir='ltr'><strong>arma</strong></span> <span class='ocrx_word' id='word_1_213' title='bbox 1103 2041 1339 2103; x_wconf 82' lang='lat' dir='ltr'><strong>capere,</strong></span> <span class='ocrx_word' id='word_1_214' title='bbox 1370 2039 1449 2084; x_wconf 81' lang='lat' dir='ltr'><strong>ue</strong></span> <span class='ocrx_word' id='word_1_215' title='bbox 1474 2023 1538 2084; x_wconf 89' lang='lat' dir='ltr'><strong>in</strong></span> <span class='ocrx_word' id='word_1_216' title='bbox 1566 2021 1915 2085; x_wconf 77' lang='lat' dir='ltr'><strong>Bactrianos</strong></span> <span class='ocrx_word' id='word_1_217' title='bbox 1939 2020 2168 2080; x_wconf 81' lang='lat' dir='ltr'><strong>incide-</strong></span> 
     </span>
     <span class='ocr_line' id='line_1_24' title="bbox 65 2105 2171 2188; baseline -0.003 -17"><span class='ocrx_word' id='word_1_218' title='bbox 65 2117 224 2184; x_wconf 87' lang='lat' dir='ltr'><strong>rent,</strong></span> <span class='ocrx_word' id='word_1_219' title='bbox 247 2127 364 2170; x_wconf 89' lang='lat' dir='ltr'><strong>nec</strong></span> <span class='ocrx_word' id='word_1_220' title='bbox 390 2110 698 2188; x_wconf 76' lang='lat' dir='ltr'><strong>quiescere</strong></span> <span class='ocrx_word' id='word_1_221' title='bbox 717 2109 1038 2183; x_wconf 83' lang='lat' dir='ltr'><strong>audebant,</strong></span> <span class='ocrx_word' id='word_1_222' title='bbox 1057 2127 1134 2170; x_wconf 86' lang='lat' dir='ltr'><strong>ne</strong></span> <span class='ocrx_word' id='word_1_223' title='bbox 1159 2109 1341 2188; x_wconf 78' lang='lat' dir='ltr'><strong>impie</strong></span> <span class='ocrx_word' id='word_1_224' title='bbox 1366 2107 1643 2170; x_wconf 83' lang='lat' dir='ltr'><strong>deserere</strong></span> <span class='ocrx_word' id='word_1_225' title='bbox 1666 2124 1871 2182; x_wconf 81' lang='lat' dir='ltr'><strong>regem</strong></span> <span class='ocrx_word' id='word_1_226' title='bbox 1889 2105 2171 2166; x_wconf 79' lang='lat' dir='ltr'><strong>videreu-</strong></span> 
     </span>
     <span class='ocr_line' id='line_1_25' title="bbox 65 2187 2275 2269; baseline -0.004 -12"><span class='ocrx_word' id='word_1_227' title='bbox 65 2205 188 2257; x_wconf 88' lang='lat' dir='ltr'><strong>tur.</strong></span> <span class='ocrx_word' id='word_1_228' title='bbox 231 2193 446 2255; x_wconf 77' lang='lat' dir='ltr'><strong>Varius</strong></span> <span class='ocrx_word' id='word_1_229' title='bbox 473 2211 544 2252; x_wconf 90' lang='lat' dir='ltr'><strong>ac</strong></span> <span class='ocrx_word' id='word_1_230' title='bbox 570 2192 850 2257; x_wconf 84' lang='lat' dir='ltr'><strong>dissonus</strong></span> <span class='ocrx_word' id='word_1_231' title='bbox 891 2194 1110 2255; x_wconf 81' lang='lat' dir='ltr'><strong>clamor</strong></span> <span class='ocrx_word' id='word_1_232' title='bbox 1139 2193 1273 2255; x_wconf 83' lang='lat' dir='ltr'><strong>sine</strong></span> <span class='ocrx_word' id='word_1_233' title='bbox 1296 2193 1451 2254; x_wconf 86' lang='lat' dir='ltr'><strong>duce</strong></span> <span class='ocrx_word' id='word_1_234' title='bbox 1478 2211 1551 2252; x_wconf 89' lang='lat' dir='ltr'><strong>ac</strong></span> <span class='ocrx_word' id='word_1_235' title='bbox 1582 2191 1713 2254; x_wconf 84' lang='lat' dir='ltr'><strong>sine</strong></span> <span class='ocrx_word' id='word_1_236' title='bbox 1742 2188 1996 2269; x_wconf 78' lang='lat' dir='ltr'><strong>imperio</strong></span> <span class='ocrx_word' id='word_1_237' title='bbox 2029 2187 2171 2248; x_wconf 82' lang='lat' dir='ltr'><strong>totis</strong></span> <span class='ocrx_word' id='word_1_238' title='bbox 2194 2194 2275 2255; x_wconf 81' lang='grc'><strong>14</strong></span> 
     </span>
     <span class='ocr_line' id='line_1_26' title="bbox 65 2277 706 2343; baseline -0.013 0"><span class='ocrx_word' id='word_1_239' title='bbox 65 2281 290 2343; x_wconf 87' lang='lat' dir='ltr'><strong>castris</strong></span> <span class='ocrx_word' id='word_1_240' title='bbox 315 2277 706 2338; x_wconf 75' lang='lat' dir='ltr'><strong>referebatur.</strong></span> 
     </span>
    </p>

    <p class='ocr_par' dir='ltr' id='par_1_3' title="bbox 59 2354 2284 3652">
     <span class='ocr_line' id='line_1_27' title="bbox 205 2354 2175 2438; baseline -0.004 -12"><span class='ocrx_word' id='word_1_241' title='bbox 205 2354 402 2426; x_wconf 83' lang='lat' dir='ltr'><strong>Besso</strong></span> <span class='ocrx_word' id='word_1_242' title='bbox 430 2371 490 2424; x_wconf 84' lang='lat' dir='ltr'><strong>et</strong></span> <span class='ocrx_word' id='word_1_243' title='bbox 506 2359 837 2426; x_wconf 80' lang='lat' dir='ltr'><strong>Nabarzani</strong></span> <span class='ocrx_word' id='word_1_244' title='bbox 863 2360 1291 2425; x_wconf 70' lang='lat' dir='ltr'><strong>nunciaverant</strong></span> <span class='ocrx_word' id='word_1_245' title='bbox 1310 2359 1423 2433; x_wconf 87' lang='lat' dir='ltr'><strong>sui,</strong></span> <span class='ocrx_word' id='word_1_246' title='bbox 1446 2377 1650 2438; x_wconf 74' lang='lat' dir='ltr'><strong>regem</strong></span> <span class='ocrx_word' id='word_1_247' title='bbox 1670 2375 1707 2420; x_wconf 87' lang='lat' dir='ltr'><strong>a</strong></span> <span class='ocrx_word' id='word_1_248' title='bbox 1726 2357 2055 2437; x_wconf 79' lang='lat' dir='ltr'><strong>semetipso</strong></span> <span class='ocrx_word' id='word_1_249' title='bbox 2081 2354 2175 2418; x_wconf 90' lang='lat' dir='ltr'><strong>in-</strong></span> 
     </span>
     <span class='ocr_line' id='line_1_28' title="bbox 65 2441 2276 2532; baseline -0.005 -19"><span class='ocrx_word' id='word_1_250' title='bbox 65 2458 444 2532; x_wconf 87' lang='lat' dir='ltr'><strong>teremptum</strong></span> <span class='ocrx_word' id='word_1_251' title='bbox 482 2465 638 2510; x_wconf 86' lang='lat' dir='ltr'><strong>esse.</strong></span> <span class='ocrx_word' id='word_1_252' title='bbox 689 2445 972 2511; x_wconf 81' lang='lat' dir='ltr'><strong>Planctus</strong></span> <span class='ocrx_word' id='word_1_253' title='bbox 1005 2465 1108 2508; x_wconf 84' lang='lat' dir='ltr'><strong>eos</strong></span> <span class='ocrx_word' id='word_1_254' title='bbox 1148 2447 1485 2525; x_wconf 80' lang='lat' dir='ltr'><strong>deceperat.</strong></span> <span class='ocrx_word' id='word_1_255' title='bbox 1539 2445 1745 2524; x_wconf 74' lang='lat' dir='ltr'><strong>ltaque</strong></span> <span class='ocrx_word' id='word_1_256' title='bbox 1778 2443 1967 2507; x_wconf 76' lang='lat' dir='ltr'><strong>citatis</strong></span> <span class='ocrx_word' id='word_1_257' title='bbox 2006 2441 2173 2523; x_wconf 73' lang='lat' dir='ltr'><strong>equis</strong></span> <span class='ocrx_word' id='word_1_258' title='bbox 2197 2449 2276 2513; x_wconf 84' lang='lat'><strong>15</strong></span> 
     </span>
     <span class='ocr_line' id='line_1_29' title="bbox 66 2530 2173 2630; baseline -0.002 -32"><span class='ocrx_word' id='word_1_259' title='bbox 66 2537 378 2610; x_wconf 82' lang='lat' dir='ltr'><strong>advolant,</strong></span> <span class='ocrx_word' id='word_1_260' title='bbox 401 2533 811 2615; x_wconf 80' lang='lat' dir='ltr'><strong>sequentibus,</strong></span> <span class='ocrx_word' id='word_1_261' title='bbox 835 2551 986 2630; x_wconf 79' lang='lat' dir='ltr'><strong>quos</strong></span> <span class='ocrx_word' id='word_1_262' title='bbox 1011 2533 1084 2594; x_wconf 87' lang='lat' dir='ltr'><strong>ad</strong></span> <span class='ocrx_word' id='word_1_263' title='bbox 1109 2532 1502 2596; x_wconf 78' lang='lat' dir='ltr'><strong>ministerium</strong></span> <span class='ocrx_word' id='word_1_264' title='bbox 1530 2530 1769 2597; x_wconf 80' lang='lat' dir='ltr'><strong>sceleris</strong></span> <span class='ocrx_word' id='word_1_265' title='bbox 1796 2531 2173 2610; x_wconf 61' lang='lat' dir='ltr'><strong>deleget-anu</strong></span> 
     </span>
     <span class='ocr_line' id='line_1_30' title="bbox 69 2615 2173 2718; baseline -0.003 -34"><span class='ocrx_word' id='word_1_266' title='bbox 69 2632 129 2684; x_wconf 84' lang='lat' dir='ltr'><strong>et</strong></span> <span class='ocrx_word' id='word_1_267' title='bbox 163 2641 354 2702; x_wconf 82' lang='lat' dir='ltr'><strong>quum</strong></span> <span class='ocrx_word' id='word_1_268' title='bbox 381 2620 829 2684; x_wconf 88' lang='lat' dir='ltr'><strong>tabernaculum</strong></span> <span class='ocrx_word' id='word_1_269' title='bbox 861 2619 1205 2718; x_wconf 75' lang='lat' dir='ltr'><strong>intrassent,</strong></span> <span class='ocrx_word' id='word_1_270' title='bbox 1244 2619 1382 2698; x_wconf 74' lang='lat' dir='ltr'><strong>quia</strong></span> <span class='ocrx_word' id='word_1_271' title='bbox 1416 2635 1617 2698; x_wconf 82' lang='lat' dir='ltr'><strong>regem</strong></span> <span class='ocrx_word' id='word_1_272' title='bbox 1652 2615 1845 2682; x_wconf 70' lang='lat' dir='ltr'><strong>viuere</strong></span> <span class='ocrx_word' id='word_1_273' title='bbox 1872 2618 2173 2698; x_wconf 77' lang='lat' dir='ltr'><strong>spadones</strong></span> 
     </span>
     <span class='ocr_line' id='line_1_31' title="bbox 63 2704 2281 2788; baseline -0.002 -19"><span class='ocrx_word' id='word_1_274' title='bbox 63 2709 444 2784; x_wconf 86' lang='lat' dir='ltr'><strong>indicabant,</strong></span> <span class='ocrx_word' id='word_1_275' title='bbox 466 2705 894 2788; x_wconf 82' lang='lat' dir='ltr'><strong>comprehendi</strong></span> <span class='ocrx_word' id='word_1_276' title='bbox 919 2705 1243 2786; x_wconf 80' lang='lat' dir='ltr'><strong>vincirique</strong></span> <span class='ocrx_word' id='word_1_277' title='bbox 1264 2706 1583 2772; x_wconf 76' lang='lat' dir='ltr'><strong>iusserunt.</strong></span> <span class='ocrx_word' id='word_1_278' title='bbox 1626 2704 1754 2766; x_wconf 80' lang='lat' dir='ltr'><strong>Rex</strong></span> <span class='ocrx_word' id='word_1_279' title='bbox 1770 2721 1953 2767; x_wconf 73' lang='lat' dir='ltr'><strong>curru</strong></span> <span class='ocrx_word' id='word_1_280' title='bbox 1972 2704 2175 2785; x_wconf 71' lang='lat' dir='ltr'><strong>pauno</strong></span> <span class='ocrx_word' id='word_1_281' title='bbox 2198 2717 2281 2779; x_wconf 74' lang='lat'><strong>16</strong></span> 
     </span>
     <span class='ocr_line' id='line_1_32' title="bbox 64 2789 2177 2872; baseline -0.002 -17"><span class='ocrx_word' id='word_1_282' title='bbox 64 2805 218 2856; x_wconf 86' lang='lat' dir='ltr'><strong>ante</strong></span> <span class='ocrx_word' id='word_1_283' title='bbox 261 2802 466 2856; x_wconf 85' lang='lat' dir='ltr'><strong>vectus</strong></span> <span class='ocrx_word' id='word_1_284' title='bbox 505 2805 558 2856; x_wconf 83' lang='lat' dir='ltr'><strong>et</strong></span> <span class='ocrx_word' id='word_1_285' title='bbox 589 2795 836 2856; x_wconf 86' lang='lat' dir='ltr'><strong>deorum</strong></span> <span class='ocrx_word' id='word_1_286' title='bbox 861 2791 1138 2872; x_wconf 87' lang='lat' dir='ltr'><strong>auspiciis</strong></span> <span class='ocrx_word' id='word_1_287' title='bbox 1175 2811 1247 2854; x_wconf 87' lang='lat' dir='ltr'><strong>ac</strong></span> <span class='ocrx_word' id='word_1_288' title='bbox 1274 2792 1397 2854; x_wconf 87' lang='lat' dir='ltr'><strong>suis</strong></span> <span class='ocrx_word' id='word_1_289' title='bbox 1422 2791 1749 2856; x_wconf 76' lang='lat' dir='ltr'><strong>honoribus</strong></span> <span class='ocrx_word' id='word_1_290' title='bbox 1780 2792 1987 2866; x_wconf 78' lang='lat' dir='ltr'><strong>cultuS,</strong></span> <span class='ocrx_word' id='word_1_291' title='bbox 2016 2789 2177 2854; x_wconf 78' lang='lat' dir='ltr'><strong>nulla</strong></span> 
     </span>
     <span class='ocr_line' id='line_1_33' title="bbox 65 2877 2177 2962; baseline -0.001 -20"><span class='ocrx_word' id='word_1_292' title='bbox 65 2889 328 2944; x_wconf 84' lang='lat' dir='ltr'><strong>externa</strong></span> <span class='ocrx_word' id='word_1_293' title='bbox 365 2899 482 2962; x_wconf 84' lang='lat' dir='ltr'><strong>ope</strong></span> <span class='ocrx_word' id='word_1_294' title='bbox 511 2881 766 2953; x_wconf 86' lang='lat' dir='ltr'><strong>admota,</strong></span> <span class='ocrx_word' id='word_1_295' title='bbox 801 2879 1070 2960; x_wconf 85' lang='lat' dir='ltr'><strong>captivus</strong></span> <span class='ocrx_word' id='word_1_296' title='bbox 1105 2897 1415 2944; x_wconf 73' lang='lat' dir='ltr'><strong>servorum</strong></span> <span class='ocrx_word' id='word_1_297' title='bbox 1454 2894 1719 2952; x_wconf 82' lang='lat' dir='ltr'><strong>suorum,</strong></span> <span class='ocrx_word' id='word_1_298' title='bbox 1756 2877 1823 2940; x_wconf 87' lang='lat' dir='ltr'><strong>in</strong></span> <span class='ocrx_word' id='word_1_299' title='bbox 1863 2877 2177 2942; x_wconf 72' lang='lat' dir='ltr'><strong>sordidum</strong></span> 
     </span>
     <span class='ocr_line' id='line_1_34' title="bbox 63 2962 2284 3047; baseline 0 -21"><span class='ocrx_word' id='word_1_300' title='bbox 63 2965 420 3028; x_wconf 80' lang='lat' dir='ltr'><strong>vehiculum</strong></span> <span class='ocrx_word' id='word_1_301' title='bbox 441 2967 696 3047; x_wconf 84' lang='lat' dir='ltr'><strong>pellibus</strong></span> <span class='ocrx_word' id='word_1_302' title='bbox 717 2965 980 3046; x_wconf 86' lang='lat' dir='ltr'><strong>undique</strong></span> <span class='ocrx_word' id='word_1_303' title='bbox 995 2973 1334 3031; x_wconf 74' lang='lat' dir='ltr'><strong>contectum</strong></span> <span class='ocrx_word' id='word_1_304' title='bbox 1357 2965 1701 3046; x_wconf 68' lang='lat' dir='ltr'><strong>imponitur.</strong></span> <span class='ocrx_word' id='word_1_305' title='bbox 1736 2964 1996 3028; x_wconf 79' lang='lat' dir='ltr'><strong>Pecunia</strong></span> <span class='ocrx_word' id='word_1_306' title='bbox 2016 2962 2176 3042; x_wconf 77' lang='lat' dir='ltr'><strong>regis</strong></span> <span class='ocrx_word' id='word_1_307' title='bbox 2199 2970 2284 3035; x_wconf 76' lang='lat'><strong>1⁴7</strong></span> 
     </span>
     <span class='ocr_line' id='line_1_35' title="bbox 65 3051 2177 3134; baseline -0.002 -20"><span class='ocrx_word' id='word_1_308' title='bbox 65 3064 134 3115; x_wconf 82' lang='lat' dir='ltr'><strong>et</strong></span> <span class='ocrx_word' id='word_1_309' title='bbox 161 3053 440 3132; x_wconf 66' lang='lat' dir='ltr'><strong>supeliex</strong></span> <span class='ocrx_word' id='word_1_310' title='bbox 465 3052 632 3134; x_wconf 86' lang='lat' dir='ltr'><strong>quasi</strong></span> <span class='ocrx_word' id='word_1_311' title='bbox 661 3052 788 3116; x_wconf 89' lang='lat' dir='ltr'><strong>iure</strong></span> <span class='ocrx_word' id='word_1_312' title='bbox 811 3051 948 3116; x_wconf 87' lang='lat' dir='ltr'><strong>belli</strong></span> <span class='ocrx_word' id='word_1_313' title='bbox 985 3051 1285 3132; x_wconf 84' lang='lat' dir='ltr'><strong>diripitur,</strong></span> <span class='ocrx_word' id='word_1_314' title='bbox 1325 3053 1637 3132; x_wconf 62' lang='lat' dir='ltr'><strong>animumne</strong></span> <span class='ocrx_word' id='word_1_315' title='bbox 1662 3051 1887 3132; x_wconf 71' lang='lat' dir='ltr'><strong>praeda</strong></span> <span class='ocrx_word' id='word_1_316' title='bbox 1911 3067 2021 3132; x_wconf 84' lang='lat' dir='ltr'><strong>per</strong></span> <span class='ocrx_word' id='word_1_317' title='bbox 2042 3064 2177 3112; x_wconf 79' lang='lat' dir='ltr'><strong>see·-</strong></span> 
     </span>
     <span class='ocr_line' id='line_1_36' title="bbox 59 3134 2283 3220; baseline -0 -20"><span class='ocrx_word' id='word_1_318' title='bbox 59 3139 170 3202; x_wconf 88' lang='lat' dir='ltr'><strong>lus</strong></span> <span class='ocrx_word' id='word_1_319' title='bbox 199 3137 476 3203; x_wconf 87' lang='lat' dir='ltr'><strong>ultimum</strong></span> <span class='ocrx_word' id='word_1_320' title='bbox 499 3143 666 3220; x_wconf 77' lang='lat' dir='ltr'><strong>parta</strong></span> <span class='ocrx_word' id='word_1_321' title='bbox 690 3141 886 3219; x_wconf 81' lang='lat' dir='ltr'><strong>fugam</strong></span> <span class='ocrx_word' id='word_1_322' title='bbox 911 3138 1249 3204; x_wconf 70' lang='lat' dir='ltr'><strong>intendunt</strong></span> <span class='ocrx_word' id='word_1_323' title='bbox 1283 3140 1618 3204; x_wconf 68' lang='lat' dir='ltr'><strong>Artabazus</strong></span> <span class='ocrx_word' id='word_1_324' title='bbox 1648 3155 1780 3202; x_wconf 83' lang='lat' dir='ltr'><strong>cum</strong></span> <span class='ocrx_word' id='word_1_325' title='bbox 1806 3138 1925 3212; x_wconf 76' lang='lat' dir='ltr'><strong>bis,</strong></span> <span class='ocrx_word' id='word_1_326' title='bbox 1940 3135 2041 3216; x_wconf 82' lang='lat' dir='ltr'><strong>qui</strong></span> <span class='ocrx_word' id='word_1_327' title='bbox 2064 3134 2177 3194; x_wconf 82' lang='lat' dir='ltr'><strong>im·-</strong></span> <span class='ocrx_word' id='word_1_328' title='bbox 2202 3137 2283 3200; x_wconf 83' lang='lat'><strong>18</strong></span> 
     </span>
     <span class='ocr_line' id='line_1_37' title="bbox 59 3215 2178 3324; baseline -0.002 -38"><span class='ocrx_word' id='word_1_329' title='bbox 59 3223 256 3304; x_wconf 82' lang='lat' dir='ltr'><strong>perio</strong></span> <span class='ocrx_word' id='word_1_330' title='bbox 283 3225 594 3310; x_wconf 82' lang='lat' dir='ltr'><strong>parebant,</strong></span> <span class='ocrx_word' id='word_1_331' title='bbox 624 3225 980 3307; x_wconf 86' lang='lat' dir='ltr'><strong>Graecisque</strong></span> <span class='ocrx_word' id='word_1_332' title='bbox 1001 3225 1285 3290; x_wconf 80' lang='lat' dir='ltr'><strong>militibus</strong></span> <span class='ocrx_word' id='word_1_333' title='bbox 1308 3226 1663 3294; x_wconf 74' lang='lat' dir='ltr'><strong>Parthienen</strong></span> <span class='ocrx_word' id='word_1_334' title='bbox 1688 3225 1947 3324; x_wconf 78' lang='lat' dir='ltr'><strong>petebat,</strong></span> <span class='ocrx_word' id='word_1_335' title='bbox 1980 3215 2178 3281; x_wconf 73' lang='lat' dir='ltr'><strong>omnia</strong></span> 
     </span>
     <span class='ocr_line' id='line_1_38' title="bbox 61 3303 2282 3392; baseline -0.001 -20"><span class='ocrx_word' id='word_1_336' title='bbox 61 3309 311 3374; x_wconf 80' lang='lat' dir='ltr'><strong>tutiora</strong></span> <span class='ocrx_word' id='word_1_337' title='bbox 331 3303 762 3392; x_wconf 79' lang='lat' dir='ltr'><strong>parricidarum</strong></span> <span class='ocrx_word' id='word_1_338' title='bbox 787 3311 1050 3376; x_wconf 68' lang='lat' dir='ltr'><strong>contuitu</strong></span> <span class='ocrx_word' id='word_1_339' title='bbox 1071 3321 1255 3376; x_wconf 78' lang='lat' dir='ltr'><strong>ratus.</strong></span> <span class='ocrx_word' id='word_1_340' title='bbox 1278 3312 1497 3376; x_wconf 72' lang='lat' dir='ltr'><strong>Persae</strong></span> <span class='ocrx_word' id='word_1_341' title='bbox 1516 3310 1831 3392; x_wconf 70' lang='lat' dir='ltr'><strong>prontissis</strong></span> <span class='ocrx_word' id='word_1_342' title='bbox 1846 3303 2015 3370; x_wconf 72' lang='lat' dir='ltr'><strong>Bessi</strong></span> <span class='ocrx_word' id='word_1_343' title='bbox 2028 3319 2180 3362; x_wconf 68' lang='lat'>⁰8⁸·-</span> <span class='ocrx_word' id='word_1_344' title='bbox 2201 3307 2282 3369; x_wconf 73' lang='lat'><strong>19</strong></span> 
     </span>
     <span class='ocr_line' id='line_1_39' title="bbox 63 3390 2180 3478; baseline -0.002 -21"><span class='ocrx_word' id='word_1_345' title='bbox 63 3396 220 3472; x_wconf 84' lang='lat' dir='ltr'><strong>rati,</strong></span> <span class='ocrx_word' id='word_1_346' title='bbox 241 3397 504 3460; x_wconf 76' lang='lat' dir='ltr'><strong>maxime</strong></span> <span class='ocrx_word' id='word_1_347' title='bbox 517 3397 652 3478; x_wconf 82' lang='lat' dir='ltr'><strong>quia</strong></span> <span class='ocrx_word' id='word_1_348' title='bbox 670 3417 848 3460; x_wconf 77' lang='lat' dir='ltr'><strong>nemo</strong></span> <span class='ocrx_word' id='word_1_349' title='bbox 871 3397 1018 3458; x_wconf 79' lang='lat' dir='ltr'><strong>alius</strong></span> <span class='ocrx_word' id='word_1_350' title='bbox 1037 3409 1180 3472; x_wconf 81' lang='lat' dir='ltr'><strong>crat,</strong></span> <span class='ocrx_word' id='word_1_351' title='bbox 1195 3416 1376 3478; x_wconf 74' lang='lat' dir='ltr'><strong>quem</strong></span> <span class='ocrx_word' id='word_1_352' title='bbox 1388 3405 1801 3478; x_wconf 72' lang='lat' dir='ltr'><strong>sequerentur,</strong></span> <span class='ocrx_word' id='word_1_353' title='bbox 1824 3390 2180 3456; x_wconf 59' lang='lat' dir='ltr'><strong>oadunare</strong></span> 
     </span>
     <span class='ocr_line' id='line_1_40' title="bbox 69 3473 2284 3564; baseline -0.001 -22"><span class='ocrx_word' id='word_1_354' title='bbox 69 3501 150 3543; x_wconf 84' lang='lat' dir='ltr'><strong>se</strong></span> <span class='ocrx_word' id='word_1_355' title='bbox 175 3481 540 3558; x_wconf 86' lang='lat' dir='ltr'><strong>Bactrianis,</strong></span> <span class='ocrx_word' id='word_1_356' title='bbox 565 3501 778 3564; x_wconf 78' lang='lat' dir='ltr'><strong>agmen</strong></span> <span class='ocrx_word' id='word_1_357' title='bbox 807 3501 1010 3546; x_wconf 73' lang='lat' dir='ltr'><strong>eorum</strong></span> <span class='ocrx_word' id='word_1_358' title='bbox 1039 3485 1210 3546; x_wconf 81' lang='lat' dir='ltr'><strong>tertio</strong></span> <span class='ocrx_word' id='word_1_359' title='bbox 1236 3484 1537 3562; x_wconf 75' lang='lat' dir='ltr'><strong>assequuti</strong></span> <span class='ocrx_word' id='word_1_360' title='bbox 1562 3481 1678 3546; x_wconf 87' lang='lat' dir='ltr'><strong>die.</strong></span> <span class='ocrx_word' id='word_1_361' title='bbox 1733 3479 1823 3540; x_wconf 83' lang='lat' dir='ltr'><strong>Ne</strong></span> <span class='ocrx_word' id='word_1_362' title='bbox 1843 3486 2044 3539; x_wconf 70' lang='lat' dir='ltr'><strong>tamm</strong></span> <span class='ocrx_word' id='word_1_363' title='bbox 2067 3473 2181 3534; x_wconf 86' lang='lat' dir='ltr'><strong>hc·</strong></span> <span class='ocrx_word' id='word_1_364' title='bbox 2196 3477 2284 3540; x_wconf 75' lang='lat'><strong>20</strong></span> 
     </span>
     <span class='ocr_line' id='line_1_41' title="bbox 65 3558 2183 3652; baseline -0.005 -21"><span class='ocrx_word' id='word_1_365' title='bbox 65 3586 204 3632; x_wconf 75' lang='lat' dir='ltr'><strong>nos</strong></span> <span class='ocrx_word' id='word_1_366' title='bbox 245 3569 384 3652; x_wconf 75' lang='lat' dir='ltr'><strong>regi</strong></span> <span class='ocrx_word' id='word_1_367' title='bbox 417 3587 542 3632; x_wconf 86' lang='lat' dir='ltr'><strong>non</strong></span> <span class='ocrx_word' id='word_1_368' title='bbox 572 3570 910 3644; x_wconf 80' lang='lat' dir='ltr'><strong>haberetur,</strong></span> <span class='ocrx_word' id='word_1_369' title='bbox 945 3569 1140 3630; x_wconf 79' lang='lat' dir='ltr'><strong>aureis</strong></span> <span class='ocrx_word' id='word_1_370' title='bbox 1179 3568 1571 3646; x_wconf 76' lang='lat' dir='ltr'><strong>compedibus</strong></span> <span class='ocrx_word' id='word_1_371' title='bbox 1605 3567 1861 3630; x_wconf 66' lang='lat' dir='ltr'><strong>Dareum</strong></span> <span class='ocrx_word' id='word_1_372' title='bbox 1900 3558 2183 3633; x_wconf 70' lang='lat' dir='ltr'><strong>vinciunt,</strong></span> 
     </span>
    </p>
   </div>
  </div>
 </body>
</html>
