2417 3900
49 1688 58 1711 s
155 1688 190 1739 ᾗ
283 1668 442 1747 capti
462 1668 716 1739 vertici5‚
745 1668 1072 1747 conspexit.
1117 1667 1237 1727 Sed
1266 1685 1341 1727 ne
1365 1668 1665 1727 falleretur
1684 1667 1863 1738 acies,
1890 1665 2167 1726 dubitare
2200 1687 2319 1746 cog

281 96 406 157 146
725 78 850 159 'DE
893 96 1154 161 ansus
1199 94 1629 159 ALEXANDRI
1656 92 1906 155 MAGNI
1973 136 1979 145 2

273 218 667 280 volverentur.
711 214 848 278 Mox
873 215 1078 277 eadem
1115 213 1178 275 in
1201 230 1268 275 se
1295 216 1571 294 patienda
1600 213 1772 274 alieni
1803 230 1977 273 casus
2004 206 2392 271 ostendeha'

173 300 259 370 17
265 303 629 398 exemplum.
694 301 808 361 Per
847 302 955 361 has
988 309 1184 363 tamen
1232 300 1603 363 difficultates
1644 300 1942 361 enituntur
1982 296 2043 356 in
2080 290 2339 355 vertice

274 387 512 459 montis,
540 394 745 449 omnes
771 385 1108 465 fatigatione
1132 385 1465 449 continuati
1474 386 1692 447 laboris
1712 383 1933 456 affecti,
1945 380 2207 461 quidam
2232 384 2369 443 mul

273 473 404 533 mti
411 478 574 551 parte
592 470 1018 545 membrorum3
1047 470 1384 549 pariterque
1409 492 1511 533 eos
1534 482 1593 533 et
1617 488 1736 531 nox
1762 477 1819 529 et
1834 484 2084 529 somnus
2112 486 2365 549 oppres

173 549 256 626 1'8
271 558 370 621 sit.
437 558 648 620 Stratis
686 558 909 635 passim
937 556 1285 653 corporibus
1321 557 1383 617 in
1414 556 1583 619 inviis
1612 564 1677 616 et
1714 556 1776 616 in
1813 554 2037 633 asperis
2078 570 2339 615 saxoru

269 644 518 723 periculi
545 643 816 705 instantis
843 642 1046 703 obliti
1031 660 1091 705 ιιι
1120 644 1308 704 lucem
1334 644 1695 721 quieverunt,
1725 642 2084 718 tandemque
2114 640 2298 700 velut
2328 660 2357 700 e

275 731 390 794 alto
420 748 636 826 sopore
667 729 913 801 excitati,
956 728 1216 789 occultas
1242 728 1698 806 subiectasque'
1680 726 1827 807 ipsis
1852 726 2027 789 valles
2054 722 2311 786 rimant
2351 747 2367 759 ·

271 814 498 893 ignari,
493 814 581 875 in
611 832 724 893 qua
751 822 918 893 parte
939 820 1148 893 petrae
1173 820 1335 874 tanta
1364 813 1451 873 vis
1480 813 1738 873 hostium
1772 812 2005 872 condita
2046 820 2251 885 esset,
2302 815 2359 872 fu

271 918 438 974 {num
475 917 687 979 specus
713 899 867 961 infra
893 918 958 959 se
980 899 1146 976 ipsos
1173 899 1471 960 evolutum
1499 905 1865 963 notaverunt.
1933 896 2021 956 Ex
2046 914 2175 974 quo
2204 898 2355 958 intel

175 996 256 1056 19
275 982 492 1048 lectum
514 993 622 1058 est,
639 983 793 1047 illam
812 983 1070 1045 hostium
1087 982 1372 1047 latebram
1392 1002 1543 1045 esse.
1579 984 1781 1063 ltaque
1798 982 1983 1043 hastis
2001 982 2305 1061 imposue

221 1097 250 1107 ’·
276 1072 438 1151 quod
479 1080 834 1131 convenerat
873 1069 1136 1147 signum,
1179 1077 1420 1149 totoque
1466 1088 1498 1130 e
1540 1086 1788 1131 numero
1834 1068 1986 1128 duos
2040 1075 2101 1128 et
2138 1086 2277 1128 xxx
2330 1070 2341 1079 ‘
2390 1068 2392 1149 J

277 1174 532 1220 ascensu
555 1155 830 1217 interisse
858 1162 1243 1236 cognoscunt.
1387 1170 1393 1177 ·
2390 1230 2392 1235 .

173 1250 261 1311 20
307 1308 312 1313 ,
409 1244 536 1303 Rex
571 1260 690 1301 non
729 1240 1004 1319 cupidine
1041 1240 1231 1317 magis
1272 1238 1543 1317 potiundi
1585 1238 1716 1313 loci,
1756 1256 1931 1317 quam
1965 1237 2098 1298 vice
2142 1244 2392 1313 &rums

281 1346 443 1406 quos.
467 1328 542 1387 ad
571 1335 691 1389 tam
723 1327 1098 1389 manifestum
1125 1322 1449 1404 per-iculum
1482 1324 1741 1397 miserat,
1786 1322 2067 1385 sollicitus
2110 1331 2245 1385 toto
2288 1324 2347 1385 di

281 1413 581 1482 cacumina
609 1413 826 1476 montis
851 1413 1088 1475 intuens
1107 1409 1343 1473 restitit.
1386 1410 1577 1471 Noctu
1604 1412 1861 1482 demum,
1886 1426 2063 1487 quum
2094 1410 2347 1471 obscuri

277 1506 372 1561 tas
389 1507 772 1577 conspectum
789 1499 1096 1559 oculorum
1116 1496 1455 1569 ademisset,
1482 1496 1555 1555 ad
1578 1496 1902 1559 curandum
1924 1512 2151 1573 corpus
2175 1514 2323 1557 rece
2390 1508 2392 1553 4

173 1590 259 1652 21
283 1584 380 1645 sit.
443 1584 691 1646 Postero
730 1582 825 1643 die
863 1583 1130 1647 nondum
1169 1582 1311 1643 satis
1338 1582 1495 1642 clara
1516 1582 1647 1641 luce
1676 1582 1900 1660 primus
1927 1580 2073 1652 vela,
2132 1581 2279 1660 sign
2390 1586 2393 1651 1

281 1752 384 1815 bat
409 1753 656 1815 varietas
681 1753 848 1825 coeli,
877 1772 1038 1815 nunc
1057 1752 1433 1815 internitente
1458 1752 1603 1812 lucis
1631 1752 1874 1830 fulgor-e,
1920 1768 2079 1811 nunc
2106 1755 2323 1815 condit

281 1838 500 1904 Verum
531 1845 598 1898 ut
633 1837 906 1915 liquidior
943 1840 1043 1899 lux
1075 1836 1349 1916 apparuit
1378 1838 1565 1911 coelo,
1608 1836 1891 1898 dubitatio
1930 1846 2216 1917 exempta
2260 1848 2343 1899 est

177 1928 263 2000 22
283 1930 670 2002 vocatumque
693 1922 958 2001 Cophen,
998 1940 1109 2002 per
1135 1940 1311 2002 quem
1342 1922 1730 1984 harbarorum
1757 1923 1985 1987 animos
2018 1931 2270 1986 tentave

281 2007 457 2076 mittit
469 2009 548 2071 ad
577 2022 698 2080 θος,
741 2008 1147 2088 quimoneret,
1189 2026 1349 2070 nunc
1366 2009 1573 2068 saltem
1599 2008 2239 2074 salubriusconsilium
2268 2011 2347 2072 ini
2390 2039 2392 2066 A

282 2103 444 2155 rent:
486 2093 580 2157 sin
599 2102 792 2155 autem
813 2095 1024 2156 fiducia
1043 2093 1157 2156 loci
1176 2105 1641 2172 perseverarent,
1667 2094 1903 2156 ostendi
1928 2112 1962 2153 3
1984 2103 2159 2174 tergo
2183 2096 2333 2156 iussi
2375 2105 2387 2129 ¹

177 2183 264 2248 23
285 2179 385 2260 qui
413 2188 692 2259 ceperant
715 2180 1010 2242 verticem.
1056 2180 1293 2259 Cophes
1318 2180 1611 2241 admissus
1638 2181 1886 2242 suadere
1908 2179 2105 2260 coepit
2123 2183 2325 2242 Arima

283 2276 508 2346 petram
543 2266 798 2339 tradere,
843 2267 1089 2344 gratiam
1113 2265 1271 2342 regis
1306 2265 1543 2340 inituro,
1588 2265 1637 2325 si
1664 2274 1863 2327 tantas
1884 2283 1997 2326 rres
2023 2267 2374 2339 molientem

280 2352 344 2414 in
366 2351 542 2414 unius
566 2351 729 2430 rupis
756 2352 1064 2415 obsidione
1087 2351 1332 2412 haerere
1357 2370 1477 2412 non
1502 2351 1810 2428 coegisset.
1856 2350 1957 2412 llle
1980 2352 2253 2414 ferocius
2280 2373 2376 2414 su·

178 2446 266 2506 24
283 2437 643 2515 perbiusque
671 2455 846 2514 quam
872 2447 1044 2501 antea
1069 2438 1349 2515 loquutus
1376 2435 1537 2498 abire
1560 2436 1803 2516 Cophen
1826 2436 2009 2498 iubet.
2054 2438 2174 2498 At
2156 2457 2215 2499 is
2242 2457 2377 2518 pre·

283 2522 538 2587 hensum
561 2540 740 2582 manu
764 2523 1078 2586 barbarum
1103 2529 1290 2600 rogat,
1317 2529 1398 2583 ιιι
1404 2540 1605 2584 secum
1621 2530 1789 2609 extra
1817 2539 2057 2602 specum
2084 2525 2375 2603 prodeat:

285 2623 402 2688 quo
433 2607 746 2683 impetrato
783 2609 1024 2670 iuvenes
1055 2607 1118 2668 in
1143 2607 1445 2670 cacumine
1482 2608 1741 2668 ostendit
1766 2601 2012 2686 eiusque
2048 2611 2375 2688 superbiae

181 2697 266 2762 25
285 2689 442 2753 haud
465 2691 752 2752 immerito
771 2693 1022 2758 illudens
1041 2691 1255 2791 pinnas
1273 2693 1491 2754 habere
1508 2694 1589 2755 ait
1608 2693 1817 2755 milites
1835 2695 2174 2756 Alexandri.
2218 2697 2377 2757 lam-

235 2793 400 2854 ·que
423 2794 456 2834 e
475 2773 863 2840 Macedonum
887 2779 1092 2842 castris
1117 2779 1420 2857 signorum
1438 2789 1761 2845 concentus
1787 2787 1845 2840 et
1868 2779 2055 2840 totius
2074 2783 2377 2844 exercitus

287 2861 505 2922 clamor
529 2863 892 2926 audiebatur.
955 2865 1040 2928 Ea
1065 2883 1183 2939 res,
1236 2865 1389 2928 sicu-t
1414 2867 1689 2945 pleraque
1711 2864 1849 2927 belli
1873 2883 2021 2926 vana
2056 2873 2119 2928 et
2152 2865 2375 2940 inania,

287 2945 576 3012 barbaros
609 2949 684 3010 ad
719 2950 1076 3014 deditionem
1103 2949 1296 3012 traxit.
1364 2949 1597 3030 Quippe
1620 2951 1889 3030 occupati
1913 2959 2075 3016 metu
2104 2953 2377 3032 paucita-

181 3037 268 3098 26
287 3041 406 3094 tem
438 3051 663 3107 eorum,
707 3035 805 3114 qui
839 3053 873 3096 a
899 3044 1068 3114 tergo
1093 3045 1279 3109 erant,
1320 3036 1626 3098 aestimare
1652 3055 1773 3098 non
1803 3044 2099 3116 poterant.
2167 3039 2377 3120 ltaque

287 3119 532 3198 Cophen
567 3124 730 3216 (nain
767 3121 1126 3200 trepidantes
1161 3123 1505 3202 reliquerat)
1534 3130 1775 3184 strenue
1808 3129 2107 3198 revocant,
2152 3134 2221 3186 et
2254 3143 2375 3187 cum

287 3223 358 3264 eo
386 3223 502 3266 xxx
526 3204 821 3284 principes
849 3207 1105 3281 mittunt,
1141 3208 1241 3286 qui
1264 3216 1491 3287 petram
1518 3208 1765 3282 tradant,
1799 3215 1857 3268 et
1878 3216 1946 3270 ut
1970 3207 2374 3273 incolumibus

183 3291 266 3352 27
287 3291 450 3352 abire
469 3291 656 3362 liceat,
675 3292 1064 3371 paciscentium
1111 3292 1585 3374 {lle—quamquam
1600 3295 1929 3368 verebatur,
1952 3313 2031 3356 ne
2050 3307 2379 3376 conspecta

287 3376 561 3443 iuvenum
598 3377 886 3458 paucitate
907 3377 1303 3443 deturbarent
1334 3397 1435 3440 eos
1474 3380 1724 3454 barbari,
1764 3388 1963 3442 tamen
2001 3390 2060 3442 et
2096 3383 2381 3446 fortunae

290 3481 430 3525 suae
457 3466 718 3527 confisus
743 3472 804 3526 et
823 3462 1078 3528 Arimazi
1097 3463 1409 3544 superbiae
1440 3465 1708 3529 infensus
1736 3467 1953 3530 nullam
1976 3485 2047 3528 se
2074 3469 2381 3530 conditio-

183 3539 273 3602 28
293 3563 427 3610 nem
461 3549 774 3615 deditio-nis
806 3548 1072 3636 accipere
1103 3550 1455 3630 respondit.
1494 3551 1791 3615 Arimazes
1814 3552 2149 3630 desperatis
2180 3554 2381 3634 magis
