2417 3900
635 136 776 199 LIB.
818 138 912 199 Vl.
956 140 1102 218 (lv.)
1147 142 1307 205 CAP.
1348 144 1393 204 1.
1443 139 1687 202 1—20.
2106 137 2191 199 93

140 253 486 314 lissimarum
512 254 666 317 bello
696 256 954 334 gentium
993 260 1281 320 exercitus
1304 260 1431 341 pari
1454 261 1637 321 Marte
1672 257 2032 338 pugnabant.
2078 258 2193 319 La·
2212 256 2255 319 8

137 340 500 401 cedaemonii
529 348 758 414 vetera,
793 342 1147 402 Macedones
1181 346 1508 423 praesentia
1543 346 1758 405 decora
1790 342 2195 407 intuebantur:

135 424 220 484 illi
239 443 347 503 pro
372 424 661 497 libertate,
685 425 747 485 hi
767 443 876 503 pro
904 426 1301 489 dominatione
1323 432 1675 509 pugnabant.
1718 427 2199 491 Lacedaemoniis

133 509 272 583 dux,
300 510 725 571 Macedonibus
752 510 922 571 locus
950 512 1169 573 deerat.
1226 514 1349 575 Diei
1378 534 1610 595 quoque
1646 515 1821 576 unius
1858 522 1977 574 tam
2007 514 2257 580 multi-9

132 596 268 675 plex
295 612 474 657 casus
507 595 686 656 modo
717 611 904 674 spem,
936 598 1114 657 modo
1145 608 1367 661 metum
1397 600 1693 680 utriusque
1727 600 1909 679 partis
1932 598 2204 677 augebat,

133 680 296 741 velut
318 680 398 741 de
412 680 702 741 industria
723 680 878 743 inter
897 682 1251 745 fortissimos
1277 686 1433 745 viros
1458 693 1752 747 certamen
1773 693 2062 764 aequante
2082 684 2207 743 for·-

109 774 300 826 tuna.
346 765 616 826 Ceterum
643 766 943 844 angustiae
962 768 1093 843 loci,
1118 770 1177 830 in
1202 789 1317 849 quo
1337 770 1608 832 haeserat
1630 788 1845 851 pugna,
1871 789 1993 831 non
2016 768 2206 851 patie-
2228 770 2307 834 10

135 851 358 911 bantur
397 850 532 911 totis
580 850 804 931 ingredi
847 851 1086 916 viribuS.
1153 853 1556 932 Expectabant
1604 874 1742 935 ergo
1781 856 1981 937 plures
2026 872 2203 935 quam

135 934 392 995 inierant
414 936 718 1015 proelium,
754 944 831 1012 et,
865 938 963 1018 qui
997 948 1156 1001 extra
1181 940 1282 1001 teli
1306 942 1521 1005 iactum
1551 948 1733 1016 erant,
1763 942 2015 1003 clamore
2052 938 2204 1025 {nvi-

132 1020 318 1081 vicem
339 1038 484 1081 suos
509 1023 927 1085 accendebant.

264 1106 524 1167 Tandem
559 1107 859 1169 Laconum
901 1107 1056 1169 acies
1097 1109 1495 1187 languescere,
1538 1110 1757 1171 lubrica
1791 1126 1952 1169 arma
1982 1107 2205 1168 sudore
2229 1117 2305 1184 11

129 1190 228 1249 vix
263 1192 594 1264 sustinens,
637 1194 850 1272 pedem
895 1193 1108 1254 deinde
1153 1196 1374 1255 referre
1419 1195 1612 1273 coepit
1652 1204 1709 1254 et
1750 1200 1996 1271 urgente
2035 1192 2206 1252 hoste

135 1276 394 1353 apertius
440 1278 663 1355 fugere.
735 1278 1162 1355 Insequebatur
1203 1280 1519 1357 dissipatos
1566 1277 1750 1338 victor
1768 1324 1781 1348 ‚
1826 1285 1885 1336 et
1930 1293 2207 1335 emensus
2228 1286 2309 1351 12

135 1378 313 1421 cursu
354 1378 536 1422 omne
573 1362 848 1438 spatium,
893 1364 1052 1438 quod
1089 1362 1246 1422 acies
1279 1364 1575 1423 Laconum
1613 1362 1974 1434 obtinuerat,
2012 1360 2208 1439 ipsum

131 1446 286 1524 Agin
311 1443 798 1524 persequebatur.
833 1444 954 1515 llle,
979 1453 1042 1506 ut
1061 1446 1259 1522 fugam
1278 1464 1519 1507 suorum
1544 1455 1603 1505 et
1622 1444 1922 1526 proximos
1944 1445 2207 1505 hostium
2230 1456 2311 1518 13

131 1530 466 1609 conspexit,
495 1529 716 1607 deponi
751 1547 817 1589 se
844 1529 1043 1591 iussit:
1071 1539 1471 1609 expertusque
1500 1531 1782 1603 membra,
1812 1547 1887 1590 an
1925 1528 2210 1607 impetum
2233 1543 2314 1607 14

131 1616 322 1677 animi
345 1613 518 1692 sequi
544 1623 808 1692 possent,
837 1623 1145 1694 postquam
1171 1615 1425 1677 deficere
1449 1615 1649 1690 sensit,
1680 1614 1999 1696 poplitibus
2022 1621 2214 1675 semet

133 1700 392 1779 excepit,
431 1698 710 1778 galeaque
737 1707 978 1762 strenue
1006 1705 1237 1780 sumpta
1276 1702 1461 1783 clipeo
1495 1710 1813 1783 protegens
1849 1718 2066 1781 corpus
2100 1700 2213 1760 ha-

137 1794 296 1845 stam
319 1784 522 1845 dextra
551 1784 832 1859 vibrabat,
859 1786 1012 1849 ultro
1037 1805 1252 1848 vocans
1276 1788 1525 1861 hostem,
1556 1788 1603 1848 si
1633 1788 1762 1867 quis
1785 1786 1997 1849 iacenti
2022 1786 2211 1865 spolia

131 1870 380 1932 demere
404 1869 660 1933 auderet.
693 1870 816 1933 Nec
839 1873 1144 1952 quisquam
1169 1874 1293 1947 fuit,
1316 1876 1413 1955 qui
1438 1873 1751 1935 sustineret
1774 1872 2039 1933 cominus
2064 1889 2211 1932 con-
2234 1880 2312 1945 15

133 1955 326 2034 gredi.
392 1956 604 2018 Procul
629 1957 948 2020 missilibus
975 1961 1380 2039 appetebatur,
1412 1977 1479 2020 ea
1504 1959 1639 2039 ipsa
1665 1961 1727 2022 in
1752 1959 1984 2020 hostem
2018 1967 2213 2020 retor-

135 2059 349 2119 quens,
391 2043 586 2104 donec
632 2044 834 2104 lancea
874 2044 1037 2106 nudo
1073 2045 1299 2123 pectori
1336 2046 1514 2106 infixa
1552 2053 1669 2104 est:
1704 2061 1817 2122 qua
1857 2062 1931 2104 ex
1968 2043 2211 2103 vulnere

137 2127 342 2188 evulsa
385 2127 724 2188 inclinatum
761 2145 832 2188 ac
867 2129 1145 2189 deficiens
1187 2137 1365 2207 caput
1404 2129 1591 2206 clipeo
1632 2127 1925 2206 paulisper
1966 2126 2213 2203 excepit,

137 2211 362 2272 deinde
381 2210 680 2288 linquente
697 2211 906 2289 spiritu
924 2214 1146 2291 pariter
1167 2230 1237 2272 ac
1256 2214 1543 2289 sanguine
1562 2210 1951 2270 moribundus
1970 2209 2032 2268 in
2052 2227 2216 2268 arma

139 2294 488 2375 procubuit.
533 2295 808 2355 Cecidere
833 2297 1431 2357 Lacedaemoniorum
1450 2314 1489 2355 v
1512 2294 1670 2355 milia
1688 2301 1749 2352 et
1772 2311 1898 2365 ccc,
1928 2309 2000 2352 ex
2021 2291 2317 2374 Mace-15

139 2379 412 2444 donibus
431 2379 590 2444 haud
613 2379 866 2458 amplius
885 2381 1075 2442 mille:
1119 2389 1379 2441 ceterum
1402 2379 1491 2440 vix
1518 2378 1824 2459 quisquam
1844 2375 1958 2438 nisi
1982 2377 2217 2440 saucius

135 2463 386 2528 revertit
417 2464 482 2524 in
511 2472 719 2526 castra.
777 2464 938 2526 Haec
969 2463 1207 2528 victoria
1242 2483 1365 2526 non
1392 2463 1661 2544 Spartam
1691 2463 1869 2524 modo
1908 2462 2217 2544 sociosque

143 2551 300 2622 eius,
337 2551 444 2610 sed
479 2549 654 2610 etiam
679 2564 907 2622 omnes,
943 2551 1044 2629 qui
1070 2551 1364 2611 fortunam
1399 2551 1535 2612 belli
1568 2557 1995 2629 spectaverant,
2026 2551 2216 2630 fregit.

143 2636 276 2701 Nee
294 2635 532 2699 fallebat
553 2636 942 2716 Antipatrum,
977 2635 1291 2697 dissentire
1317 2637 1391 2697 ab
1418 2635 1627 2698 animis
1655 2635 2063 2714 gratulantium
2088 2637 2217 2699 vul-
2240 2645 2317 2710 17

131 2731 282 2795 ·tus;
313 2721 418 2786 sed
449 2721 668 2784 bellum
685 2721 858 2790 finire
883 2721 1144 2802 cupienti
1167 2739 1333 2802 opus*
1348 2732 1471 2787 erat
1494 2721 1711 2801 decipi.
1767 2722 1839 2782 Et
1864 2739 2217 2802 quamquam

140 2808 386 2874 ‚fon-tuna
413 2825 606 2870 rerum
631 2807 915 2886 placebat,
939 2807 1213 2870 invidiam
1241 2817 1452 2880 tamen,
1472 2809 1605 2889 quia
1632 2807 1885 2869 maiores
1906 2826 2005 2870 res
2032 2817 2215 2884 erant,

133 2905 334 2970 „quam
357 2910 501 2972 quas
531 2893 806 2971 praefecti
829 2895 1041 2955 modus
1071 2901 1326 2974 caperet,
1352 2895 1667 2957 metuebat.
1712 2894 1946 2974 Quippe
1967 2896 2217 2957 Alexan·
2239 2901 2317 2963 18

153 2975 266 3038 der
288 2978 494 3046 hostes
513 2977 665 3040 vinci
687 2981 970 3053 voluerat,
997 2981 1366 3059 Antipatrum
1392 2981 1619 3054 vicisse,
1648 2997 1725 3042 ne
1742 2981 1951 3042 tacitus
1977 2982 2217 3060 quidem

144 3062 586 3138 indignabatur,
621 3083 766 3126 suae
801 3067 1106 3145 demptum
1143 3066 1364 3144 gloriae
1390 3067 1747 3140 existimans
1770 3067 2054 3146 quidquid
2088 3083 2220 3125 ces-

147 3147 336 3215 sisset
358 3149 600 3213 alienae.
645 3151 848 3230 ltaque
871 3153 1192 3231 Antipater,
1234 3152 1331 3230 qui
1352 3154 1543 3230 probe
1566 3160 1771 3213 nosset
1796 3152 2035 3231 spiritus
2071 3148 2214 3216 eius,
2240 3149 2317 3212 19

152 3241 400 3304 nonest
427 3252 606 3296 ausus
629 3234 758 3312 ipse
784 3255 958 3314 agere
981 3237 1220 3298 arbitria
1246 3237 1542 3310 victoriae,
1572 3239 1680 3299 sed
1704 3237 2011 3299 concilium
2036 3233 2216 3291 Grae-

151 3337 382 3392 corum.
407 3320 549 3398 quid
569 3320 696 3382 fieri
717 3321 994 3400 placeret,
1023 3323 1333 3399 consuluit.
1377 3326 1424 3380 Α
1449 3339 1568 3399 quo
1592 3317 2051 3386 Lacedaemonii,
2076 3313 2219 3376 nihn
2236 3315 2320 3379 20

153 3401 338 3478 aliud,
359 3421 540 3488 quam
555 3413 622 3472 ut
638 3413 903 3468 oratoms
923 3407 1150 3470 mittere
1167 3407 1243 3466 ad
1266 3422 1466 3480 regem
1487 3406 1706 3476 liceret,
1726 3399 1963 3482 precati,
1986 3399 2220 3458 veniam

155 3489 514 3560 defectionis
543 3497 788 3568 praeter
827 3497 1098 3552 auctores
1147 3491 1626 3568 impetraverunt.
1701 3479 2219 3572 Megalopolitanis,

159 3593 416 3656 mrum
441 3574 591 3644 urhe
613 3582 744 3644 etat
764 3574 1012 3638 obsessa
1033 3594 1068 3639 a
1089 3572 1441 3644 defectione,
1468 3568 1682 3632 Achaei
1702 3573 1763 3631 et
1782 3563 1967 3622 Aetoli
1990 3577 2105 3620 cxx
2128 3569 2221 3620 ta·
