2417 3900
197 190 203 195 ¹
303 114 423 177 122
766 110 860 170 DE
906 108 1165 168 GESTIS
1209 105 1633 167 ALEXANDRI
1677 104 1913 166 MAGNI

300 234 429 295 Huc
455 230 609 290 enim
633 228 918 289 malorum
941 236 1176 287 ventum
1202 232 1308 299 est,
1335 234 1398 287 ut
1419 222 1595 285 verba
1620 240 1752 283 mea
1769 189 1976 283 eodem
2000 228 2272 299 tempore
2297 226 2395 278 et

198 317 283 381 36
302 316 628 379 Alexandro
656 330 925 373 excusem
948 321 1007 372 et
1025 310 1356 390 Antiphani.
1398 310 1471 371 At
1491 309 1730 371 hercule
1748 317 1936 369 mater
1955 308 2029 370 de
2050 303 2260 366 nobis'
2245 304 2344 365 ιιιι-
2394 314 2395 343 ¹

298 400 461 463 micis
488 399 603 461 tuis
638 398 890 479 scripsit.
934 395 1163 457 Utinam
1192 394 1542 493 prudentius
1573 403 1728 455 esset
1753 393 1990 455 sollicita
2017 408 2132 470 pro
2155 390 2276 451 filio
2300 398 2395 449 ει
2394 440 2395 475 3

298 505 419 549 non
450 485 655 545 inanes
683 500 914 562 quoque
940 480 1170 560 species
1203 481 1374 542 anxio
1407 480 1600 543 animo
1625 477 1928 558 figuraret!
1979 478 2180 551 Quare
2203 474 2345 535 enim

297 590 419 633 non
445 567 681 630 ascribit
714 575 905 627 metus
940 567 1029 627 sui
1071 563 1383 627 caussam?
1424 565 1676 644 denique
1711 584 1834 625 non
1869 560 2126 625 ostendit
2157 568 2344 621 aucto·
2394 568 2395 593 ³

296 652 469 717 rem?
532 655 660 726 Quo
694 654 843 713 facto
882 651 1107 712 dictove
1142 660 1345 713 nostro
1382 658 1539 711 mota
1575 659 1693 711 tam
1729 649 1986 729 trepidas
2020 646 2128 709 tibi
2163 645 2343 708 literas

196 743 280 805 37
300 736 577 819 scripsit?
622 737 669 799 Ο
696 738 970 799 miseram
1004 734 1393 799 conditionem
1420 754 1628 809 meam,
1665 734 1754 796 cui
1783 734 2026 795 forsitan
2051 750 2178 792 non
2205 730 2346 810 peri·

301 823 557 888 culosius
583 830 672 883 est
699 831 899 883 tacere
924 838 1095 899 quam
1128 820 1348 881 dicere!
1397 820 1516 882 Sed
1539 828 1832 899 utcunque
1865 836 2104 881 cessura
2129 835 2231 878 res
2257 825 2344 889 est,

296 912 451 973 malo
482 908 588 969 tihi
624 906 1021 967 defensionem
1056 922 1248 966 meam
1273 906 1580 984 displicere
1615 924 1784 1003 quam
1819 922 2106 966 caussam.
2163 902 2344 979 Agno-

298 1001 427 1057 sces
456 1002 670 1073 autem,
700 1008 848 1071 quae
872 990 1133 1052 dicturus
1158 1008 1316 1065 sum;
1357 990 1570 1087 quippe
1593 989 1926 1063 meministi,
1953 1006 2137 1068 quum
2165 1005 2260 1047 me
2285 986 2344 1045 ad

297 1078 711 1178 perducendos
747 1094 816 1136 ex
842 1076 1181 1136 Macedonia
1213 1074 1422 1136 milites
1447 1075 1726 1150 mittereS,
1775 1076 1992 1136 dixisse
2025 1083 2104 1147 te,
2148 1074 2343 1134 multos

198 1172 281 1234 38
298 1167 561 1243 integros
584 1163 827 1223 iuvenes
852 1160 915 1221 in
939 1162 1115 1221 domo
1142 1170 1276 1223 tuae
1299 1160 1498 1222 matris
1522 1160 1824 1222 abscondi.
1867 1157 2268 1237 Praecepisti
2248 1156 2346 1234 igi-

300 1261 397 1312 tur
432 1248 591 1321 mihi,
634 1265 708 1308 ne
754 1264 925 1326 quem
962 1255 1195 1325 praeter
1224 1254 1282 1305 te
1322 1245 1596 1320 intuerer,
1641 1248 1746 1307 sed
1786 1248 2178 1308 detrectantes
2212 1240 2346 1301 mili-

298 1336 435 1397 tiam
462 1334 848 1413 perducerem
872 1331 945 1391 ad
968 1338 1046 1391 te.
1092 1331 1264 1405 Quod
1286 1330 1580 1428 equidem
1573 1330 1683 1392 feci
1707 1340 1766 1391 et
1786 1331 2043 1403 liberius,
2069 1346 2244 1408 quam
2263 1346 2346 1388 ex-

298 1419 575 1500 pediebat
614 1416 775 1491 mihi,
820 1425 1173 1495 exsequutus
1208 1435 1339 1477 sum
1377 1416 1685 1495 imperium
1727 1426 1912 1477 tuum.
1981 1415 2274 1493 Gorgiam
2303 1422 2344 1471 et

300 1506 651 1567 Hecataeum
681 1510 737 1563 et
770 1502 1101 1581 Gor-gidam,
1152 1520 1404 1581 quorum
1436 1502 1594 1562 hona
1621 1506 1799 1599 opera
1827 1500 2029 1574 uteriS,
2061 1500 2210 1561 inde
2234 1516 2325 1594 per

198 1592 281 1655 39
301 1588 657 1665 duxi.de
681 1586 857 1665 igitur
878 1586 1132 1666 iniquius
1158 1596 1264 1662 est,
1290 1605 1462 1665 quam
1485 1604 1598 1661 me,
1627 1586 1743 1666 qui,
1779 1586 1829 1647 si
1853 1586 1958 1648 tibi
1981 1603 2107 1645 non
2139 1583 2342 1673 paruis·

300 1695 447 1747 sem,
489 1675 617 1734 iure
642 1673 881 1732 daturus
904 1672 983 1731 fui
1008 1690 1248 1750 poenas,
1289 1690 1446 1733 nunc
1472 1672 1680 1751 perire,
1724 1671 1860 1751 quia
1883 1666 2095 1751 parui?
2169 1656 2340 1747 Neque

303 1762 460 1822 enim
480 1759 594 1820 ulla
620 1756 731 1817 alia
754 1754 924 1815 matri
947 1764 1083 1817 tuae
1098 1756 1494 1836 persequendi
1517 1776 1626 1817 nos
1651 1775 1854 1818 caussa
1875 1765 1984 1828 est,
2007 1774 2194 1833 quam
2217 1753 2340 1835 quod

188 1845 285 1906 ¹40
302 1844 609 1905 utilitatem
628 1850 787 1901 tuam
810 1839 1076 1901 muliebri
1102 1840 1548 1919 praeposuimus
1577 1842 1812 1923 gratiae.
1853 1842 1967 1903 Sex
1993 1840 2159 1902 milia
2179 1842 2339 1901 Mace-

305 1930 529 1990 denum
561 1924 825 2006 peditum
861 1931 919 1984 et
951 1943 1023 1986 nc
1058 1925 1282 2004 equites
1315 1925 1547 2000 adduxi,
1590 1945 1838 2006 quorum
1868 1946 2004 2008 pars
2047 1935 2340 2008 sequutura

300 2032 397 2076 me
420 2031 545 2075 non
566 2018 707 2083 erat,
732 2008 781 2070 si
800 2009 1053 2070 militiam
1082 2009 1536 2072 detrectantibus
1555 2009 1856 2092 indulgere
1877 2011 2221 2074 voluissem.
2263 2013 2342 2072 Se-

302 2099 498 2178 quitur
508 2115 675 2174 ergo,
699 2101 781 2167 ut,
809 2093 942 2172 quia
960 2094 1057 2156 illa
1074 2095 1490 2179 propter-hanc
1508 2115 1772 2160 caussam
1793 2099 2063 2160 irascitur
2080 2099 2276 2171 nobis,
2297 2105 2341 2155 tu

300 2183 532 2260 mitiges
560 2189 819 2252 matrem,
852 2179 950 2258 qui
983 2179 1103 2240 irae
1131 2181 1254 2242 eius
1280 2200 1390 2242 nos
1417 2181 1696 2244 obtulisti.

247 2272 282 2333 1
386 2270 393 2278 '
430 2269 518 2328 Ca
530 2286 587 2346 p.
626 2267 699 2328 11.
742 2263 891 2326 Dum
919 2264 1065 2326 haec
1088 2268 1360 2345 Amyntas
1391 2266 1524 2344 agit,
1558 2269 1708 2329 forte
1743 2276 2238 2346 supervenerunt,
2271 2261 2345 2342 qui

302 2355 538 2417 fratrem
562 2351 689 2414 eius
706 2351 1100 2424 Polemonem,
1128 2351 1202 2412 de
1223 2370 1336 2431 quo
1357 2360 1492 2414 ante
1515 2351 1729 2414 dictum
1749 2361 1856 2424 est,
1879 2351 2208 2430 fugientem
2228 2367 2342 2410 con-

304 2437 533 2516 sequuti
560 2437 815 2500 vinctum
842 2437 1220 2498 reducebant.
1264 2434 1482 2499 Infesta
1513 2438 1713 2500 concio
1754 2437 1845 2498 vix
1869 2437 2129 2498 inhiberi
2166 2434 2342 2517 potuit,

244 2521 285 2582 2
306 2521 445 2602 quin
469 2521 736 2600 protinus
760 2539 869 2584 suo
889 2539 1055 2582 more
1079 2539 1216 2582 saxa
1239 2521 1300 2582 in
1325 2539 1456 2585 eum
1481 2521 1711 2584 iaceret.
1757 2527 1942 2600 Atque
1969 2522 2066 2582 ille
2093 2540 2244 2584 sane
2275 2520 2342 2579 in-

304 2606 559 2680 territus,
586 2606 755 2678 Nihil,
778 2606 982 2684 inquit,
1017 2625 1125 2684 pro
1152 2625 1246 2668 me
1273 2607 1574 2686 deprecor,
1612 2608 1790 2668 modo
1816 2625 1893 2668 ne
1917 2607 2213 2668 fratrum
2197 2623 2343 2668 mno-

306 2691 529 2770 centiae
557 2693 691 2789 fuga
714 2691 1030 2770 imputetur
1054 2710 1200 2753 mea.
1245 2691 1402 2753 Haec
1427 2692 1474 2752 si
1509 2691 1739 2754 defendi
1763 2711 1884 2752 non
1908 2701 2132 2771 potest,
2173 2706 2344 2754 meum

306 2776 527 2838 crimen
549 2777 641 2838 sit.
686 2777 908 2837 Horum
934 2776 1009 2837 ob
1036 2775 1133 2836 id
1116 2795 1309 2856 ipsum
1336 2778 1540 2840 melior
1566 2785 1652 2838 est
1677 2795 1896 2850 caussa,
1924 2778 2082 2857 quod
2113 2797 2246 2874 εει),
2269 2771 2344 2852 qui

160 2925 165 2932 ,
244 2857 553 2941 3profugi,
596 2869 903 2940 suspectus
930 2880 1081 2924 sum.
1140 2863 1215 2923 Αι
1252 2862 1396 2922 haec
1424 2865 1698 2963 eloquuto
1723 2862 1992 2926 universa
2031 2863 2243 2926 concio
2267 2878 2342 2920 as-

302 2965 478 3008 sensa
505 2954 624 3008 est:
662 2948 933 3010 lacrimae
960 2945 1173 3008 deinde
1198 2948 1470 3008 omnibus
1500 2967 1737 3010 manare
1763 2957 2104 3027 coeperunt,
2132 2944 2312 3010 adeo
2299 2961 2340 3004 ιιι

304 3031 659 3093 contrarium
676 3040 920 3111 repente
942 3033 1195 3106 mutatiS,
1222 3040 1284 3094 ut
1307 3033 1492 3094 solum
1513 3051 1620 3112 pro
1643 3053 1713 3095 eo
1737 3042 1912 3106 esset,
1935 3035 2093 3112 quod
2113 3033 2342 3096 maxime

228 3111 571 3181 ‚4laeserat.'
612 3117 841 3180 Iuvenis
870 3126 992 3178 erat
1016 3116 1205 3196 primo
1231 3117 1434 3178 aetatis
1460 3120 1602 3180 flore
1627 3119 1982 3198 pubescenS,
2007 3138 2188 3199 quem
2215 3119 2341 3178 inter

304 3203 527 3284 equites
551 3203 857 3264 tormentis
874 3203 1137 3266 Philotae
1162 3203 1537 3264 conturbatos
1566 3204 1786 3267 alienus
1810 3215 2000 3266 terror
2024 3205 2342 3266 abstulerat-

302 3289 613 3352 Desertum
634 3306 766 3350 eum
785 3306 820 3350 a
837 3287 1141 3350 comitibus
1157 3295 1216 3348 et
1227 3288 1638 3351 haesitantem
1621 3300 1773 3351 mter
1789 3289 2118 3354 revertendi
2135 3288 2344 3366 fugien-

172 3403 179 3411 ·
248 3376 287 3436 ὃ
308 3374 485 3453 dique
514 3373 836 3446 consilium,
876 3372 973 3454 qui
997 3372 1225 3453 sequuti
1254 3386 1436 3447 erant,
1469 3386 1920 3454 occupaverunt.
1977 3375 2035 3436 Is
2059 3383 2196 3438 tum
2223 3375 2344 3434 flere

310 3459 503 3539 coepit
528 3467 587 3521 et
612 3479 677 3520 os
708 3478 877 3523 suum
905 3459 1344 3532 converberarffi
1387 3468 1642 3523 maestus
1671 3480 1794 3522 non
1819 3479 1982 3522 suam
2009 3459 2222 3530 vicem,
2257 3453 2344 3518 sed

250 3535 291 3598 ὃ
311 3553 550 3626 propter
570 3545 773 3626 ipsum
793 3544 1240 3627 periclitantium
1275 3546 1418 3606 frati
1421 3565 1536 3606 um.
1604 3545 2026 3626 Moveratque
2011 3563 2126 3604 iam
2161 3556 2347 3622 regem

2259 3721 2279 3873 1
