2417 3900
226 117 350 180 110
692 118 794 179 DE
837 118 1102 181 GESTIS
1143 118 1579 197 ALEXANDRI
1619 119 1865 184 MAGNI

222 238 501 320 aspicitis,
543 243 894 319 ceterosque
937 237 1204 303 eiusdem
1246 241 1555 314 amentiae,
1598 240 1661 301 in
1702 247 1879 319 caput
1920 258 2121 301 meum
2168 242 2321 304 sub-

221 324 468 387 ornavit.

160 409 202 468 6
347 408 642 472 Fremitus
684 408 947 488 undique
995 408 1425 488 indignantium
1472 409 1961 489 querentiumque
2005 416 2129 471 tota
2163 428 2319 472 con-

221 496 392 559 cione
419 494 816 575 obstrepebat,
845 492 1032 574 qualis
1055 498 1204 557 solet
1230 516 1363 557 esse
1384 495 1789 569 multitudiniS‚
1813 504 1870 557 et
1890 496 2144 557 maxime
2164 498 2318 557 mili-

158 583 381 658 naris,
425 580 524 644 ubi
552 588 652 641 ant
677 579 874 642 studio
907 582 1098 659 agitur
1127 593 1231 643 aut
1254 583 1362 643 ira.
1431 582 1823 644 Nicomachus
1862 581 2078 643 deinde
2107 590 2167 642 et
2193 584 2315 643 Me-

215 676 351 745 tron
381 676 441 728 et
469 666 784 733 Cebalinus
821 667 1110 745 producti,
1152 686 1302 747 quae
1341 668 1591 747 quisque
1636 668 1943 740 detulerat,
1990 677 2314 747 exponunt.

215 754 444 817 Nullius
483 771 690 817 eorum
727 752 944 815 indicio
973 752 1237 815 Philotas
1274 754 1571 833 particeps
1606 753 1849 815 sceleris
1888 753 2313 817 destinabatur.

213 840 422 919 ‚ltaque
464 838 872 917 indignatione
914 856 1122 917 pressa
1155 858 1279 899 1vox
1330 839 1591 901 indicum
1638 839 1868 900 silentio
1918 848 2163 919 excepta
2206 849 2315 902 est.

157 924 200 987 8
219 924 372 989 Tum
398 942 521 995 rex,
551 923 770 997 Qualis,
803 922 1010 1003 inquit,
1047 942 1188 1003 ergo
1224 924 1405 987 animi
1426 926 1591 987 vobis
1616 925 1861 999 videtur,
1900 924 2001 1004 qui
2025 926 2203 987 huius
2227 926 2315 987 rei

220 1010 476 1072 delatum
504 1008 784 1070 indicium
807 1009 880 1068 ad
907 1008 1106 1088 ipsum
1129 1008 1505 1090 suppressit?
1541 1012 1701 1091 quod
1726 1029 1849 1073 non
1877 1011 2057 1073 fuisse
2080 1028 2316 1086 vanum,

158 1094 414 1158 ssDimni
457 1094 645 1156 exitus
691 1094 964 1157 declarat.
1032 1095 1323 1158 Incertam
1368 1113 1495 1159 rem
1537 1098 1812 1159 deferens
1850 1104 2139 1159 tormenta
2177 1115 2311 1157 non

218 1181 409 1244 timuit
427 1180 760 1253 CebalinuS,
785 1179 1016 1243 Metron
1038 1200 1116 1242 ne
1137 1192 1503 1245 momentum
1528 1183 1771 1264 quidem
1790 1182 2067 1263 temporis
2086 1181 2311 1245 distulit

117 1262 200 1326 lo
219 1284 549 1329 exonerare
589 1286 674 1340 se,
722 1274 786 1327 ut
827 1285 920 1340 eo,
963 1268 1064 1329 ubi
1088 1262 1362 1344 ‘lavabar,
1407 1270 1781 1349 irrumperet.
1844 1268 2102 1331 Philotas
2144 1269 2311 1329 solus
2394 1262 2396 1345 f

220 1352 367 1415 nihil
404 1350 616 1426 timuit,
661 1350 806 1412 nihil
839 1352 1105 1415 credidit.
1175 1354 1227 1415 Ο
1268 1356 1467 1435 magni
1512 1355 1691 1417 animi
1731 1354 1949 1417 virum!
1998 1355 2117 1419 lste
2153 1354 2314 1431 regis

218 1438 482 1518 periculo
526 1437 1023 1501 commoveretur!
1079 1441 1299 1503 vultum
1342 1439 1627 1503 mutaret!
1680 1438 1934 1503 indicem
1984 1448 2185 1504 tantae
2224 1440 2311 1501 rei

24 1595 37 1600 ,
118 1526 198 1591 11
220 1523 502 1587 sollicitus
545 1522 803 1586 audiret!
891 1526 1110 1587 Subest
1150 1526 1425 1592 nimirum
1470 1526 1703 1589 silentio
1744 1526 2000 1601 facinus,
2044 1537 2103 1588 et
2146 1526 2314 1587 avida
2394 1574 2396 1595 ,

220 1630 360 1690 spes
382 1610 552 1688 regni
569 1610 956 1690 praecipitem
977 1612 1240 1674 animum
1264 1614 1340 1673 ad
1363 1614 1629 1677 ultimum
1652 1615 1820 1675 nefas
1845 1612 2095 1692 impulit.
2140 1612 2316 1675 Pater
2394 1604 2396 1643 ³

219 1696 448 1758 Mediae
475 1705 730 1774 praeest.
798 1696 936 1775 Ipse
961 1696 1123 1777 apud
1153 1697 1376 1759 multos
1413 1698 1715 1778 copiarum
1744 1699 1929 1762 duces
1960 1697 2113 1759 meis
2138 1715 2313 1779 prae—

115 1782 194 1845 12
217 1789 437 1861 potens
462 1780 682 1841 viribus
707 1781 950 1855 maiora,
979 1800 1156 1862 quam
1175 1783 1349 1862 capit,
1372 1783 1573 1863 spirat.
1638 1784 1873 1847 Orbitas
1902 1802 2141 1864 quoque
2164 1800 2311 1857 mea,

218 1866 379 1945 quod
406 1864 536 1927 sine
565 1865 766 1927 liberis
791 1885 962 1940 sum„
983 1868 1308 1949 spernitur.
1366 1870 1485 1931 Sed
1509 1879 1664 1933 errat
1702 1870 1985 1933 Philotas.
2009 1934 2020 1945 ,
2052 1871 2123 1934 In
2145 1870 2311 1931 vobis
2393 1908 2396 1933 l

217 1952 455 2025 liberos,
483 1961 778 2030 parentes,
809 1953 1285 2034 consanguineos
1316 1956 1530 2032 habeo,
1571 1958 1739 2020 vobis
1766 1956 1941 2018 salvis
1966 1957 2153 2020 orbus
2180 1973 2315 2018 esse

217 2055 339 2098 non
370 2055 636 2116 possum.

113 2121 195 2184 13
343 2122 670 2204 Epistulam
697 2120 911 2183 deinde
934 2123 1347 2199 Parmenionis
1374 2126 1782 2207 interceptam,
1826 2146 2003 2209 quam
2042 2128 2121 2190 ad
2158 2128 2309 2190 filios

216 2207 568 2272 Nicanorem
599 2218 662 2272 et
681 2206 973 2270 Philotam
1011 2207 1349 2290 scripserat,
1385 2212 1607 2288 recitat,
1644 2215 1804 2276 baud
1848 2232 1997 2276 sane
2027 2212 2311 2278 indicium

113 2293 196 2355 14
217 2295 504 2374 gravioris
527 2293 758 2357 consilii
780 2296 1235 2374 praeferentem.
1296 2299 1565 2378 Namque
1586 2318 1816 2362 summa
1836 2301 1965 2362 eius
1982 2298 2137 2362 haec
2156 2307 2309 2362 erat:

213 2380 480 2444 Primum
505 2381 685 2444 vestri
717 2398 920 2442 curam
951 2381 1120 2460 agite,
1163 2383 1379 2446 deinde
1415 2392 1777 2448 vestrorum:
1820 2385 1909 2448 sic
1932 2384 2111 2460 enim,
2156 2403 2311 2465 quae

114 2471 195 2533 15
216 2464 663 2540 destinavimus,
691 2466 1035 2530 efficiemus.
1100 2469 1445 2550 Adiecitque
1469 2489 1593 2546 rex,
1632 2471 1719 2534 sic
1746 2489 1883 2534 esse
1906 2470 2206 2552 scriptam,
2244 2482 2311 2534 ut

217 2551 342 2616 sive
365 2551 442 2614 ad
463 2552 618 2613 filios
650 2551 1038 2632 pervenisset,
1078 2572 1112 2614 a
1139 2555 1395 2618 consciis
1426 2566 1638 2637 posset
1667 2557 1929 2636 intelligi,
1971 2558 2100 2620 sive
2125 2557 2311 2620 inter-

113 2641 196 2704 16
217 2645 388 2716 cepta
421 2647 602 2710 esset,
648 2637 871 2699 falleret
903 2637 1165 2717 ignaros.
1232 2643 1311 2702 At
1349 2639 1507 2704 enim
1542 2642 1811 2719 nimus,
1852 2661 2035 2723 quum
2068 2651 2309 2706 ceteros

211 2721 532 2803 participes
553 2721 792 2788 sceleris
813 2723 1115 2801 indicaret,
1144 2719 1437 2789 Philotam
1464 2747 1587 2790 non
1604 2727 1955 2792 nominavit!
2018 2729 2155 2792 Hoc
2176 2730 2311 2810 qui·

215 2809 354 2872 dem
378 2809 532 2872 illius
557 2828 682 2873 non
705 2809 1098 2886 innocentiae,
1123 2813 1232 2874 sed
1256 2815 1559 2894 potentiae
1578 2815 1862 2881 indicium
1888 2825 1995 2889 est,
2034 2817 2197 2896 quod
2220 2815 2311 2876 sic

214 2893 289 2958 ab
313 2894 388 2958 iis
421 2894 660 2960 timetur
693 2895 886 2971 etiam,
927 2915 960 2958 a
984 2897 1198 2977 quibus
1224 2899 1400 2979 prodi
1440 2909 1662 2980 potest,
1705 2903 1783 2964 ut‘
1804 2919 1985 2982 quum
2024 2902 2101 2963 de
2128 2917 2197 2962 se
2220 2901 2311 2964 fa·
2396 2967 2398 2970 Α

213 2988 475 3056 teantur,
516 2981 678 3046 illum
712 2992 910 3046 tamen
947 2986 1155 3048 celent.
1224 2987 1496 3048 Ceterum
1530 2986 1821 3051 Philotam
1860 2985 2067 3066 ipsius,
2086 2986 2311 3050 indicat
2396 3025 2398 3049 ÷

113 3072 192 3137 17
214 3065 354 3130 vita.
419 3066 528 3130 Hic
548 3070 850 3151 Amyntae,
896 3068 995 3148 qui
1027 3069 1171 3132 mihi
1211 3072 1607 3136 consobrinus
1644 3072 1756 3136 ruit
1778 3071 1925 3135 etin
1956 3073 2309 3136 Macedonia
2396 3077 2398 3080 ⁴

215 3153 392 3234 capiti
425 3174 558 3217 meo
596 3154 806 3235 impias
845 3157 1204 3235 comparavit
1230 3157 1497 3232 insidiam,
1540 3159 1765 3224 socium
1800 3178 1869 3221 se
1906 3167 1965 3221 et
1996 3160 2307 3222 conscium

213 3239 497 3306 adiunxit.
562 3241 673 3305 Hic
693 3242 906 3314 Attalo,
934 3260 1050 3320 quo
1079 3243 1405 3320 graviorem
1429 3244 1731 3308 inimicum
1754 3264 1877 3308 non
1902 3244 2103 3320 habui,
2130 3263 2309 3308 soro·

112 3328 196 3392 18
210 3343 336 3390 rem
361 3345 530 3390 suam
550 3324 613 3388 in
640 3323 1077 3392 matrimonium
1104 3327 1283 3392 dedit.
1351 3331 1475 3405 Hic,
1498 3351 1679 3412 quum
1706 3331 2083 3411 scripsissem
2111 3331 2166 3394 ei
2189 3350 2305 3412 pro

209 3410 338 3474 iure
361 3421 482 3474 tam
505 3410 811 3474 familiaris
840 3432 986 3477 usus
1015 3422 1190 3494 atque
1222 3415 1527 3490 amicitiae,
1566 3417 1755 3498 qualis
1788 3437 1923 3480 sors
1954 3416 2111 3480 edita
2140 3424 2309 3480 esset

193 3497 238 3508 ’“
297 3496 366 3556 *is
391 3499 739 3561 Hammonis
777 3501 1032 3574 oraculo,
1081 3501 1361 3564 sustinuit
1388 3507 1718 3567 rescribere
1753 3502 1916 3579 mihi,
1958 3523 2027 3565 se
2058 3503 2309 3584 quidem

386 3585 506 3660 ari,
547 3586 711 3665 quod
745 3585 808 3650 in
845 3605 1152 3652 numerum
1187 3588 1433 3654 deorum
1462 3600 1737 3672 receptus
1778 3608 1993 3666 essem,
2036 3598 2307 3654 ceterum
