2417 3900
584 90 1965 173 L1B.1x.(V11.)CAP.vl1.4-26..
2097 62 2251 157 197’

142 213 416 275 eximiam
436 212 704 275 virtutem
724 211 931 273 virium
953 210 1093 287 regi
1104 219 1386 287 pernotus
1405 216 1464 268 et
1486 220 1703 287 gratus.
1745 210 1934 273 Invidi
1951 214 2223 292 maligni-

140 316 263 377 que
288 298 677 376 increpabant
708 314 818 375 per
843 294 993 357 seria
1016 304 1075 355 et
1103 294 1326 366 ludum,
1369 293 1618 371 saginati
1652 298 1916 376 corporis
1941 299 2105 379 sequi
2128 300 2223 363 in-

138 384 349 447 utilem
392 383 655 445 beluam:
702 399 879 462 quum
922 380 1038 460 ipsi
1082 378 1372 459 proelium
1419 378 1662 455 inirent,
1717 383 1848 443 oleo
1891 384 2220 447 madentem

136 486 499 551 praeparare
535 480 799 531 ventrem
838 466 1041 547 epulis.
1088 465 1312 527 Eadem
1353 465 1528 543 igitur
1550 466 1612 527 in
1647 468 1914 529 convivio
1945 468 2220 533 Hori-'atas
2245 475 2327 538 17

137 554 432 617 Macedo
416 572 533 614 iam
558 553 910 617 temulentus
937 551 1294 632 exprobrare
1319 550 1372 611 ei
1399 551 1592 631 coepit
1617 562 1676 612 et
1702 554 2018 633 postulare,
2059 563 2142 628 ut,
2174 556 2224 617 si

138 642 234 703 vir
257 647 433 714 esset,
458 647 697 738 postero
723 638 816 699 die
840 656 1039 701 secum
1066 638 1222 698 ferro
1249 636 1620 697 decerneret.
1652 656 1850 717 regem
1873 640 2112 703 tandem
2133 642 2225 702 vel

142 727 229 787 de
250 742 357 786 sua
376 718 697 788 temeritate
716 725 803 785 vel
826 725 898 785 de
915 724 1100 787 illius
1082 722 1310 803 ignavia
1328 721 1734 785 iudicaturum.
1778 726 1852 786 Et
1868 744 1900 785 a
1918 726 2224 805 Dioxippo,
2245 729 2325 791 18

140 809 534 890 contemptim
564 811 867 873 militarem
906 810 1179 873 eludente
1211 808 1510 884 ferociam,
1552 819 1790 890 accepta
1829 811 2084 873 conditio
2115 820 2224 873 est.

139 898 237 957 Ac
274 904 513 977 postero
554 898 647 959 die
676 916 801 971 rex,
846 915 1021 977 quum
1058 896 1228 956 etiam
1252 894 1452 955 acrius
1491 903 1784 957 certamen
1819 907 2222 979 exposcerent,

138 981 285 1062 quia
310 982 609 1047 deterrere
630 1002 753 1045 non
770 991 1016 1063 poterat,
1044 980 1336 1043 destinata
1356 982 1596 1059 exsequi
1620 1001 1834 1061 passus
1851 993 1961 1047 est.
2006 986 2223 1063 Ingens
2247 983 2324 1045 19

136 1068 247 1131 hlc
274 1068 539 1145 militum,
580 1068 743 1131 inter
778 1087 927 1148 quos
968 1077 1137 1128 erant
1170 1065 1397 1140 Graeci,
1442 1068 1538 1145 qui
1563 1068 1851 1148 Dioxippo
1891 1072 2225 1143 studebant,

142 1164 507 1217 convenerat
539 1154 873 1218 multitudo.
940 1152 1182 1214 Macedo
1217 1152 1374 1213 iusta
1401 1170 1562 1213 arma
1598 1163 1949 1233 sumpserat,
1991 1172 2227 1215 aereum

142 1239 419 1320 clipeum,
466 1241 712 1315 hastam,
762 1257 939 1319 quam
966 1240 1242 1302 sarissam
1269 1249 1498 1309 vocant,
1540 1238 1702 1299 laeva
1747 1246 1974 1313 tenens,
2023 1240 2228 1302 dextra

56 1324 70 1335 “
134 1326 427 1400 lanceam,
466 1325 776 1419 gladioque
806 1324 1049 1397 cinctuS‚
1090 1324 1246 1385 velut
1270 1341 1402 1384 cum
1428 1323 1694 1403 pluribus
1721 1324 1893 1395 simul
1919 1288 2225 1388 dimicatu-

135 1430 268 1475 rus.
311 1400 637 1493 Dioxippus
678 1412 809 1473 oleo
836 1410 1033 1473 nitens
1058 1419 1119 1471 et
1142 1416 1457 1471 coronatus
1482 1410 1642 1473 laeva
1664 1410 1976 1489 puniceum
2003 1411 2225 1473 amicu-
2243 1414 2328 1479 20

134 1516 289 1572 ιιιιιι,
326 1498 529 1559 dextra
556 1494 811 1559 validum
835 1496 1248 1588 nodosumque
1277 1493 1532 1574 stipitem
1564 1497 1945 1575 praeferebat.
1989 1496 2114 1559 Ea
2096 1516 2227 1579 ipsa

135 1602 245 1645 res
280 1582 546 1643 omnium
572 1581 799 1643 animos
826 1570 1260 1661 exspectatione
1286 1580 1706 1679 suspenderat.
1753 1582 1970 1663 quippe
2001 1591 2224 1662 armato

140 1667 439 1744 congredi
462 1667 705 1741 nudum,
732 1666 1047 1741 dementia,
1072 1685 1204 1733 ιιοιι
1217 1666 1514 1729 temeritas
1538 1668 1862 1731 videbatur.

278 1752 461 1831 igitur
484 1754 745 1825 Macedo,
774 1754 931 1815 haud
960 1753 1173 1815 dubius
1201 1753 1429 1817 eminus
1454 1753 1702 1816 interfici
1729 1772 1924 1835 posse,
1959 1755 2220 1815 lanceam
2243 1758 2327 1820 21

140 1837 361 1911 emisit,
404 1857 575 1919 quam
599 1838 921 1919 Dioxippus
960 1858 1139 1920 quum
1178 1839 1383 1917 exigua
1421 1840 1688 1937 corporis
1725 1840 2225 1902 declinatione-vi-

136 1932 348 1999 tasset,
391 1930 699 2008 antequam
738 1924 833 1988 ille
856 1926 1083 1991 hastam
1124 1926 1507 1990 transfer‘ret
1490 1945 1554 1988 ιιι
1585 1928 1868 2002 dextram,
1917 1927 2144 1990 assiluit
2167 1934 2225 1988 et

135 2009 343 2091 stipite
362 2011 617 2075 mediam
642 2030 773 2073 eam
796 2012 987 2090 fregit.
1030 2011 1262 2072 Amisso
1285 2017 1534 2090 utroque
1555 2014 1671 2073 telo
1700 2014 1942 2074 Macedo
1967 2014 2221 2091 gladium
2241 2013 2323 2076 22
2383 2045 2385 2048 ⁴

138 2104 423 2176 coeperat
466 2096 774 2176 stringere.
846 2098 1033 2170 Quem
1076 2108 1426 2193 occupatum
1464 2099 1787 2176 complexu,
1832 2097 2082 2175 pedibus
2126 2116 2225 2157 re-

136 2189 323 2263 pente
357 2182 680 2254 subductiS‚
724 2182 1045 2279 Dioxippus
1071 2182 1334 2242 arietavit
1355 2183 1416 2242 in
1443 2189 1654 2241 terram
1681 2190 2000 2259 ereptoque
2031 2182 2220 2258 gladio
2265 2195 2278 2216 ³

138 2268 357 2348 pedem
386 2286 568 2347 super
590 2267 875 2330 cervicem
896 2267 1139 2328 iacentis
1162 2265 1458 2344 imposuit,
1485 2265 1737 2344 stipitem
1765 2266 2078 2338 intentanS,
2119 2266 2223 2326 eli-

143 2372 440 2432 surusque
476 2373 547 2414 eo
576 2353 809 2426 victum,
844 2353 905 2414 ni
930 2351 1263 2432 prohibitus
1295 2358 1452 2412 esset
1479 2369 1513 2410 a
1539 2369 1698 2430 rege.
1745 2345 1954 2412 Tristis
1991 2359 2222 2430 specta-
2239 2359 2324 2424 23

140 2439 260 2502 culi
288 2448 531 2502 eventus
564 2457 689 2500 non
713 2438 1135 2501 Macedonibus
1161 2437 1360 2509 modo,
1403 2437 1508 2498 sed
1545 2437 1716 2503 etiam
1741 2437 2072 2499 Alexandro
2097 2437 2221 2511 fuit,

140 2525 397 2586 maxime
420 2524 554 2604 quia
586 2525 825 2588 barbari
848 2526 1167 2588 affuerant:
1215 2523 1431 2603 quippe
1459 2523 1806 2592 celebratam
1833 2523 2224 2587 Macedonum

143 2610 547 2674 fortitudinem
582 2611 657 2672 ad
691 2611 1009 2676 ludibrium
1044 2610 1324 2672 recidisse
1351 2610 1678 2671 verebatur.
1747 2609 1898 2670 Hinc
1925 2610 2000 2673 ad
2028 2610 2221 2672 crimi-
2238 2616 2324 2680 24

144 2693 443 2768 nationem
467 2697 797 2760 invidorum
822 2697 1135 2777 adapertae
1160 2709 1294 2758 sunt
1323 2714 1496 2758 aures
1519 2696 1696 2776 regiS.
1741 2695 1816 2758 Et
1835 2705 1976 2776 post
2001 2715 2221 2778 paucos
2307 2749 2320 2760 ,.

146 2781 275 2844 dies
296 2782 449 2846 inter
473 2783 675 2863 epulas
698 2800 935 2846 aureum
964 2783 1236 2863 poculum
1266 2802 1334 2843 ex
1366 2785 1694 2864 composito
1721 2782 2084 2857 subducitur,
2111 2784 2222 2844 mi·

142 2867 460 2948 nistrique,
500 2868 667 2949 quasi
708 2869 1071 2944 amisissent,
1117 2869 1276 2948 quod
1320 2877 1687 2943 amoverant,
1733 2887 1933 2948 regem
1984 2871 2220 2932 adeunt.

145 2953 341 3034 Saepe
376 2953 571 3018 minus
607 2964 699 3018 est
738 2955 1099 3020 constantiae
1130 2955 1192 3017 in
1237 2955 1456 3016 rubore
1489 2973 1664 3035 quam
1707 2955 1768 3016 in
1812 2955 2000 3036 culpa.
2065 2957 2220 3016 Con-
2237 2957 2324 3018 25

148 3040 363 3104 iectum
398 3041 733 3115 oculorum,
773 3042 982 3123 quibus
1018 3050 1083 3103 ut
1118 3042 1216 3102 fur
1247 3040 1663 3117 destinabatur,
1704 3041 2030 3121 Dioxippus
2065 3042 2220 3100 ferre

144 3145 267 3188 non
290 3126 499 3206 potuit,
520 3139 581 3187 et
598 3146 777 3206 quum
798 3128 1147 3190 excessisset
1166 3127 1448 3198 convivio,
1471 3127 1656 3188 literis
1681 3125 2046 3205 conscriptis,
2072 3139 2222 3202 quae
2383 3193 2385 3200 ⁴

144 3211 273 3292 regi
294 3212 701 3286 redderenm,
744 3215 900 3276 ferro
934 3231 1001 3275 se
1024 3214 1336 3274 interemit.
1381 3212 1646 3275 Graviter
1665 3221 1914 3274 mortem
1942 3209 2066 3271 eius
2091 3209 2222 3270 tulit
2237 3207 2326 3272 26
2383 3254 2386 3290 ;

144 3317 267 3372 rex,
298 3297 637 3360 existimans
662 3298 1076 3380 indignationis
1104 3317 1256 3374 esse,
1305 3317 1427 3361 non
1451 3299 1850 3399 poenitentiae
1873 3300 2079 3355 testem
2105 3295 2220 3356 uti·
2381 3319 2386 3332 ·

148 3402 263 3464 que
296 3391 609 3464 postquam
648 3385 795 3448 falso
830 3383 1223 3447 insimulatum
1253 3403 1403 3458 eum,
1447 3385 1692 3446 nimium
1719 3381 2063 3442 invidorum
2077 3397 2219 3458 gau-

146 3468 311 3532 dium
339 3469 613 3532 ostendit.

278 3555 368 3618 Ca
376 3574 437 3636 p
461 3553 613 3617 vm.
662 3555 939 3618 Indorum
958 3551 1135 3632 legati
1152 3551 1378 3616 dimissi
1401 3553 1612 3616 domos
1628 3547 1832 3630 paucis
1853 3555 1994 3630 post
2007 3549 2220 3616 diebus
2237 3547 2272 3608 1
2376 3531 2386 3584 ³
