2417 3900
269 182 276 190 ,
306 110 429 182 124
775 115 874 177 DE
917 113 1180 175 GESTlS
1214 111 1653 176 ALEXANDRI
1696 112 1938 175 MAGNI

202 242 281 303 18
298 234 462 305 ratus
489 235 760 316 deposita
778 242 959 309 veste,
989 219 1162 313 qiiam
1187 231 1462 306 habebat,
1488 230 1735 293 Arabica
1752 229 2030 293 induitur.
2076 228 2213 289 Duo
2246 232 2389 291 Ara·-

292 327 427 398 beS‚
447 396 449 403 Ι
471 341 722 402 quorum
748 320 979 382 interim
1007 318 1284 397 coniuges
1310 338 1381 381 ac
1404 318 1589 393 liberi,
1622 317 1913 380 vinculum
1934 315 2093 390 fidei,
2136 314 2387 376 obsides

296 412 454 491 apud
483 428 682 488 regem
707 417 892 480 erant,
915 405 1035 467 dati
1061 408 1321 467 comites·
1362 404 1478 466 Per
1502 405 1737 466 deserta
1762 404 1934 467 etiam
1956 403 2035 465 ob
2056 402 2387 465 siccitatem

197 505 276 567 19
294 499 425 559 loca
454 495 688 557 camelis
718 493 1027 556 undecima
1059 491 1171 565 die,
1202 511 1319 572 quo
1348 491 1757 563 destinaverat,
1785 490 2069 571 pervenit.
2112 489 2192 549 Et
2218 487 2385 567 prius

297 602 468 663 quam
488 582 676 661 ipsius
699 580 1073 643 nunciaretur
1087 579 1395 651 adventus,
1416 598 1625 640 rursus
1646 579 1991 657 Polydamas
2011 582 2243 637 vestem
2266 575 2386 633 Ma-

295 669 636 731 cedonicam
657 668 838 729 sumit
863 676 922 728 et
937 666 999 727 in
1016 664 1453 726 tabernaculum
1476 664 1747 727 Cleandri
1772 668 2038 743 (praetor
2057 662 2159 722 hic
2184 661 2383 739 regius
2403 704 2404 711 κ

193 760 276 823 20
295 754 450 835 erat)
488 757 694 833 quarta
735 752 924 831 vigilia
954 750 1553 831 pervenit.-Redditis
1589 751 1805 813 deinde
1832 749 2015 811 literis
2054 748 2404 811 constitue-3

292 851 434 903 runt
456 842 643 919 prima
668 840 800 901 luce
823 840 897 899 ad
923 836 1371 899 Parmenionem
1394 836 1573 898 coire.
1618 838 1883 917 Namque
1910 834 2121 897 ceteris
2149 846 2404 913 quoque}

293 929 494 991 literas
521 926 676 1004 regis
704 925 993 987 attulerat.
1039 924 1158 983 lam
1187 923 1259 983 ad
1292 942 1423 983 enm
1454 923 1680 986 venturi
1706 930 1889 997 erant,
1930 939 2111 1003 quum
2141 922 2404 993 Parme-¹

194 1016 268 1077 21
297 1013 460 1075 nioni
489 1011 902 1092 Polydamanta
927 1009 1162 1072 venisse
1190 1009 1631 1071 nunciaverunt.
1690 1010 1803 1083 Qui
1828 1010 1967 1070 dum
2000 1009 2253 1069 laetatur
2284 1006 2404 1091 εκὶ-ἰ

245 1098 254 1109 ”
295 1108 474 1160 ventu
491 1097 684 1171 amici,
713 1096 1001 1175 simulque
1023 1096 1329 1168 noscendi,
1353 1113 1501 1175 quae
1522 1116 1625 1158 rex
1648 1104 1866 1175 ageret,
1894 1094 2091 1156 avidus
2121 1090 2404 1172 (quippel

296 1186 474 1263 longo
499 1184 802 1245 intervallo
827 1184 1046 1243 nullam
1072 1183 1144 1243 ab
1169 1200 1242 1241 eo
1266 1180 1572 1261 epistolam
1598 1180 1935 1262 accepera-t)
1959 1178 2404 1259 Polydamanta*

195 1280 278 1341 22
297 1270 518 1349 requiri
544 1271 725 1331 iubet.
770 1268 1103 1330 Diversoria
1129 1267 1391 1346 regionis
1415 1267 1569 1329 illius
1595 1286 1841 1347 magnos
1864 1284 2136 1330 recessus
2150 1264 2384 1325 habent

299 1372 702 1434 amoenosque
729 1354 1074 1415 nemoribus
1106 1373 1287 1415 manu
1312 1354 1578 1415 consitis:
1618 1373 1684 1414 ea
1714 1353 2025 1434 praecipue
2052 1368 2267 1429 regum
2294 1369 2379 1411 sa-

195 1450 278 1512 23
298 1451 716 1521 traparumque
747 1442 1018 1521 voluptas
1046 1442 1187 1503 erat.
1260 1440 1629 1519 Spatiabatur
1658 1441 1721 1502 in
1756 1458 2001 1501 nemore
2027 1437 2377 1500 Parmenion

238 1533 249 1544 ‘
295 1528 528 1590 medius
553 1528 707 1587 inter
729 1528 928 1601 duceS,
956 1526 1166 1606 quibus
1194 1536 1323 1587 erat
1345 1526 1689 1605 imperatum
1714 1526 1897 1588 literis
1923 1524 2099 1603 regie,
2130 1532 2200 1585 ut
2234 1522 2377 1583 occi-

298 1615 535 1681 derent,
571 1614 850 1691 Agendae
879 1622 1073 1673 autem
1098 1613 1183 1673 rei
1207 1612 1631 1673 constituerant
1655 1622 1911 1693 tempus»,
1938 1629 2119 1690 quum
2141 1609 2375 1671 Parme-

194 1704 277 1765 221
297 1700 440 1759 nion
465 1718 498 1758 a
517 1700 939 1777 Polydamante
964 1698 1159 1758 literas
1185 1697 1424 1773 traditas
1450 1698 1645 1776 legere
1671 1698 1985 1778 coepisset.
2030 1696 2371 1777 Polydamas

298 1785 503 1863 procul
533 1783 793 1856 venienS,
830 1792 896 1844 ut
922 1801 953 1842 a
978 1783 1370 1843 Parmenione
1408 1792 1761 1864 conspectus
1790 1794 1898 1859 est,
1941 1784 2103 1845 vultu
2134 1782 2371 1843 laetitiae

299 1868 557 1947 speciem
582 1869 949 1947 praeferente
976 1869 1047 1928 ad
1071 1867 1579 1946 complectendum
1601 1888 1734 1931 eum
1763 1869 2035 1944 cucurrit,
2061 1878 2371 1946 mutuaque

299 1955 687 2032 gratulatione
713 1954 895 2035 functi
910 1954 1256 2034 Polydamas
1280 1953 1587 2034 epistolam
1614 1957 1689 2018 ab
1714 1976 1854 2036 rege
1877 1957 2159 2036 scriptam
2184 1955 2240 2016 ei
2266 1965 2371 2014 tra-

197 2040 466 2105 25-didit.
507 2039 862 2102 Parmenion
894 2039 1189 2107 vinculum
1216 2039 1499 2119 epistolae
1526 2044 1782 2118 solvens,
1810 2043 2089 2123 quidnam
2117 2057 2225 2103 rex
2248 2058 2371 2119 age·

298 2134 408 2201 ret,
443 2126 805 2205 requirebat.
872 2127 974 2188 llle
1001 2145 1070 2188 ex
1095 2125 1241 2207 ipsis
1268 2126 1451 2188 literis
1480 2128 1847 2206 cogniturum
1885 2148 2018 2190 esse
2054 2127 2369 2208 respondit.

196 2214 278 2278 26
302 2212 530 2285 Quibus
565 2211 921 2273 Parmenion
958 2211 1142 2285 lectiS,
1187 2213 1329 2287 Rex,
1375 2211 1580 2293 inquit,
1636 2214 2067 2295 expeditionem
2118 2221 2286 2294 parat
2316 2213 2369 2272 in

297 2299 674 2374 Arachosios·
701 2309 708 2316 '
739 2299 1054 2361 Strenuum
1088 2298 1391 2360 hominem
1426 2307 1486 2361 et
1513 2320 1813 2380 nunquam
1849 2299 2217 2362 cessantem!
2266 2295 2371 2358 Sed

195 2383 557 2466 27‘tempuS,
606 2385 776 2447 saluti
814 2403 956 2446 suae
992 2388 1154 2446 tanta
1190 2385 1311 2446 iam
1351 2390 1517 2464 parta
1565 2387 1749 2464 gloria
1788 2405 2050 2467 parcere.
2126 2387 2372 2447 Alteram

299 2470 515 2530 deinde
535 2471 861 2550 epistolam,
880 2471 1146 2532 Philotae
1163 2470 1402 2532 nomine
1422 2470 1696 2551 scriptam
1712 2473 1919 2547 laetuS,
1947 2473 2107 2553 quod
2130 2491 2203 2532 ex
2223 2472 2372 2532 vultu

295 2553 489 2615 notari
513 2564 760 2634 poterat,
806 2557 1058 2634 legebat.
1122 2557 1272 2617 Tum
1301 2556 1427 2618 eius
1450 2558 1819 2636 latus'gladio
1844 2559 2043 2620 haurit
2070 2557 2369 2628 Cleander,

299 2640 515 2700 deinde
541 2641 799 2719 iugulum
823 2641 985 2716 ferit3
1013 2641 1190 2702 ceteri
1218 2641 1548 2705 exanimum
1575 2663 1815 2724 quoque
1840 2643 2209 2707 confodiunt.

195 2729 280 2792 28
425 2725 500 2787 Et
521 2726 814 2804 armigeri,
842 2726 940 2805 qui
959 2728 1034 2788 ad
1053 2727 1273 2790 aditum
1296 2730 1558 2790 nemoris
1578 2731 1901 2807 astiterant,
1928 2729 2157 2810 cognita
2181 2727 2367 2800 caede,

301 2809 464 2872 cuius
505 2831 712 2875 caussa
747 2812 1142 2891 ignorabatur,
1185 2813 1249 2874 in
1284 2824 1471 2875 castra
1511 2816 1877 2895 perveniunt,
1923 2825 1984 2878 et
2016 2816 2367 2879 tumultuoso

196 2901 280 2962 29
299 2897 516 2959 nuncio
542 2898 752 2962 milites
773 2899 1086 2962 concitant.
1129 2899 1217 2960 Illi
1240 2901 1446 2962 armati
1466 2903 1541 2962 ad
1562 2921 1789 2978 nemuS,
1816 2903 1879 2964 in
1902 2922 2019 2983 quo
2045 2909 2367 2982 perpetrata

301 2982 514 3044 caedes
544 2994 686 3060 erat,
731 2991 964 3061 coeunt,
996 2995 1072 3061 et,
1112 2985 1172 3046 ni
1198 2985 1547 3066 Polydamas
1577 2990 1869 3068 ceterique
1898 2990 2160 3052 eiusdem
2193 3003 2365 3050 noxae

169 3119 178 3128 .
229 3091 238 3100 ·
298 3067 614 3149 participes
641 3071 946 3147 dedantur,
979 3091 1209 3134 murum
1239 3073 1658 3136 circumdatum
1684 3077 1912 3137 nemori
1939 3094 2255 3137 eversuros
2276 3073 2366 3135 de-

197 3157 282 3220 30
299 3155 583 3217 nunciant
601 3157 980 3236 omniumque
1005 3159 1289 3236 sanguine
1316 3161 1450 3220 duci
1472 3171 1901 3241 parentaturoS.
1948 3152 2243 3224 Cleander
2259 3159 2367 3243 pri-

298 3259 498 3303 mores
523 3259 728 3304 eorum
744 3241 1048 3306 intromitti
1070 3243 1253 3318 iubet,
1278 3244 1591 3327 literasque
1614 3247 1767 3328 regis
1790 3249 2041 3329 scriptas
2066 3249 2142 3308 ad
2166 3247 2367 3310 milites

297 3327 523 3403 recitat,
571 3329 786 3407 quibus
826 3329 1074 3395 insidiae
1101 3329 1519 3395 ‘Parmenionis
1564 3333 1625 3395 in
1668 3353 1869 3413 regem
1912 3353 2272 3415 precesque,
2310 3339 2367 3393 ut

198 3411 279 3476 31
299 3413 499 3493 ipsum
521 3415 904 3490 vindicarent,
931 3415 1400 3480 continebantur.
1445 3421 1625 3499 Igitur
1646 3420 1876 3498 cognita
1904 3421 2059 3498 regis
2079 3421 2367 3482 voluntate

301 3517 425 3561 non
453 3501 691 3580 quidem
717 3501 1060 3582 indignatio,
1101 3503 1208 3565 sed
1244 3511 1436 3566 tamen
1479 3507 1689 3568 seditio
1734 3509 2077 3585 compressa
2100 3513 2215 3569 est.
2279 3503 2369 3567 Di-

303 3585 486 3666 ¹apsis
508 3589 776 3669 pluribus
799 3591 972 3671 pauci
997 3587 1423 3667 remanserunt,
1466 3592 1583 3672 qui,
1622 3595 1829 3655 saltem
1850 3603 1918 3655 ut
1941 3611 2163 3674 corpus
2194 3591 2369 3676 ipsius
