2417 3900
524 101 694 164 Lm..
713 101 844 164 111..
863 99 966 182 (Ι.)
1011 101 1170 164 CAP.
1190 99 1311 162 Nl.
1330 97 1608 163 .4-20.
1655 143 1681 152 -
2052 90 2145 165 '13

89 221 268 284 odore
291 219 577 283 excitavit.
637 221 830 302 Atque
849 229 920 283 nt
943 215 1200 302 primum
1222 221 1447 283 mentis
1464 215 1819 302 compotem
1844 237 2143 283 essesen-
2164 217 2245 282 15

85 307 175 381 sit,
218 308 396 369 modo
423 306 627 368 matris
645 325 1058 387 sororumque,
1097 308 1277 368 modo
1298 315 1493 370 tantae
1516 307 1795 369 victoriae
1820 307 2143 386 appropin-

83 395 312 473 quantis
361 394 686 469 admonere
736 413 860 456 non
907 393 1148 454 destitit.
1218 393 1297 454 Ut
1342 412 1479 456 vero
1529 394 2031 458 medicamentum
2078 410 2144 454 se
2169 391 2248 453 16

81 480 305 542 diffudit
353 479 416 540 in
469 498 655 541 venas
702 488 762 540 et
815 478 1039 540 sensim
1090 487 1219 540 toto
1262 497 1509 559 corpore
1560 479 1873 542 salubritas
1922 477 2150 558 percipi

77 566 295 645 potuit,
341 565 599 645 primum
623 565 858 629 animus
883 564 1138 645 vigorem
1167 583 1373 640 suum,
1422 567 1635 628 deinde
1660 583 1879 645 corpus
1913 581 2152 644 quoque

73 650 482 733 expectatione
517 651 804 720 maturius
827 651 1229 732 recuperavit:
1284 651 1501 733 quippe
1528 661 1667 731 post
1699 651 1945 713 tertium-
1970 649 2149 724 diem,

73 757 254 818 quam
291 737 357 798 in
385 737 504 798 hoc
533 733 690 800 statu
722 740 938 815 fuerat,
982 737 1466 819 inconspectum
1493 738 1737 800 militum
1765 735 1940 800 venit.
2028 737 2151 800 Nec
2174 737 2255 802 17

73 823 307 885 avidius
339 823 537 904 ipsum
569 840 798 904 regem,
847 836 1021 907 quam
1057 825 1423 906 Philippum,
1468 823 1805 888 intuebatur
1828 823 2147 887 exercitus·

65 927 188 992 pro
233 927 302 972 se
350 909 600 1009 quisque
645 913 910 974 dextram
955 913 1081 974 eius
1117 913 1377 994 amplexi
1415 921 1609 993 grates
1650 911 1949 974 habehant
1990 897 2194 974 velut

65 996 370 1077 praesenti
397 997 534 1060 deo.
577 997 845 1080 Namque
867 1000 1025 1085 haud
1044 999 1213 1061 l'aeile
1238 1000 1398 1082 dictu
1419 1007 1531 1076 est,
1566 1007 1803 1081 praeter
1824 997 2151 1078 ingenitam

66 1083 154 1146 illi
179 1083 352 1182 ‘genti
385 1101 524 1164 erga
548 1103 721 1164 reges
749 1102 894 1150 suos
919 1077 1386 1168 venerationem,
1432 1094 1719 1186 quantum
1743 1085 1921 1147 huius
1946 1083 2153 1162 utique

0 1191 26 1215 ι·
63 1169 228 1250 regis
252 1171 345 1234 vel
368 1171 748 1234 admirationi
775 1172 956 1235 dediti
981 1173 1221 1235 fuerint
1214 1174 1308 1233 vel
1338 1173 1576 1235 caritate
1593 1169 1994 1250 flagraverint.
2024 1167 2149 1230 lam
2175 1155 2254 1231 1'8

57 1257 356 1337 primum
367 1256 516 1317 nihil
563 1257 676 1318 nisi
717 1258 912 1318 divina
957 1277 1072 1337 ope
1112 1257 1357 1337 aggredi
1396 1259 1741 1330 videbatui-3
1786 1271 1925 1315 nam
1966 1271 2149 1333 quum

53 1349 238 1404 esset
277 1349 544 1422 praesto
563 1341 786 1419 ubique
825 1344 1092 1416 fortuna‘,
1142 1343 1441 1404 temeritas
1476 1343 1538 1403 in
1578 1340 1821 1418 gloriam
1870 1347 2146 1401 cesserat.

55 1429 252 1490 Aetas
294 1442 534 1506 quoque
557 1424 667 1488 vix
699 1425 881 1488 tantis
916 1435 1140 1488 matura
1166 1417 1376 1500 rebus,
1422 1428 1529 1488 sed
1566 1427 1803 1487 abunde
1828 1426 2147 1500 sufficiens,
2172 1422 2250 1486 le

55 1511 276 1578 omnia
309 1511 436 1574 eius
474 1529 683 1592 αρσια»
671 1512 1067 1575 Ιιο«ιι.θειιιιιιιι
1155 1511 1230 1573 Ει
1264 1529 1415 1592 quae
1450 1511 1671 1574 leviora
1703 1509 1939 1572 haberi
1958 1511 2154 1572 solent

1 1620 5 1641 τ
51 1597 444 1698 plerumque,
489 1597 552 1660 in
582 1615 650 1659 re
691 1597 926 1660 militari
951 1597 1221 1678 gratiora
1234 1597 1409 1678 vulgo
1442 1606 1623 1674 sunt,
1613 1596 1987 1660 exercitatio
2014 1615 2149 1660 eor-

49 1683 239 1769 poris
264 1684 422 1748 inter
443 1683 649 1782 ipsos&
675 1685 866 1747 cultus
890 1685 1247 1766 habitusque
1272 1685 1597 1787 paullulum
1623 1703 1657 1747 a
1676 1684 1903 1767 privato
1930 1683 2149 1748 abhor-

51 1789 242 1844 rens,
290 1769 553 1833 militaris
595 1769 980 1853 vigor3qu1s
1019 1771 1142 1834 ille
1159 1773 1252 1834 vel
1285 1773 1511 1853 ingenii
1552 1772 1789 1836 dotibus
1832 1771 1925 1834 vel
1970 1770 2151 1834 animi
2168 1768 2253 1836 20

49 1857 296 1921 artibus
325 1864 394 1918 ut
418 1856 640 1936 pariter
657 1875 836 1921 carus
861 1874 934 1940 ac
960 1856 1328 1921 venerandus
1353 1867 1553 1935 esset,-
1586 1862 1881 1923 effecerat.

56 1990 66 2000 ,
198 1941 546 2024 Cap.V11.
586 1944 660 2006 At
695 1932 920 2008 Dareus
968 1945 1186 2009 nuncio
1226 1946 1300 2008 de
1338 1947 1592 2009 adversa
1641 1944 1975 2009 valetudine
2022 1943 2149 2006 eius
2171 1943 2208 2006 1

2 2101 5 2103 ,
47 2033 316 2109 accepto
353 2028 677 2106 celeritate,
723 2041 996 2111 quantam
1015 2050 1243 2113 capere
1275 2040 1397 2094 tam
1424 2049 1601 2112 grave
1638 2050 1851 2131 agmen
1897 2037 2149 2111 poterat,

45 2116 138 2180 ad
169 2116 518 2217 Euphraten
541 2118 860 2191 contendit,
903 2118 1229 2198 iunctoque
1258 2134 1329 2179 eo
1360 2118 1643 2197 pontibus
1666 2116 1927 2197 quinque
1950 2124 2149 2176 tamen

41 2202 304 2267 diebus
313 2184 542 2265 traiecit
567 2203 905 2276 exereitum,
925 2202 1206 2267 Ciliciam
1230 2220 1521 2281 occupare
1546 2201 1855 2262 festinans.
1908 2200 2152 2277 Iamque
2168 2198 2210 2259 2

39 2288 408 2353 Alexander
429 2286 652 2347 viribus
678 2286 946 2367 corporis
962 2287 1243 2385 receptis
1248 2288 1321 2347 ad
1352 2288 1563 2349 urbem
1582 2287 1760 2347 Solos
1782 2288 2150 2382 pervenerat,

45 2374 244 2438 cuim
270 2372 500 2454 potitus
525 2372 792 2435 ducentis
823 2372 1059 2435 talentis
1083 2370 1331 2435 nomine·
1348 2373 1565 2433 multae
1588 2371 1807 2434 exactis
1834 2369 1955 2433 arei
1975 2386 2153 2451 prae-

41 2460 294 2523 sidium
319 2458 566 2523 militum
588 2458 888 2539 imposuit.
959 2458 1107 2520 Vota
1133 2458 1348 2521 deinde
1373 2476 1486 2541 pro
1523 2460 1711 2521 salute
1737 2465 2015 2539 suscepta
2042 2474 2153 2538 per
2170 2452 2210 2516 3

33 2547 282 2611 ludum
315 2551 492 2624 atque
522 2544 707 2607 otium
741 2546 1001 2607 reddens
1031 2545 1322 2620 ostendit,
1375 2549 1591 2627 quanta
1618 2545 1835 2608 fiducia
1851 2544 2151 2607 barbaros

33 2630 421 2715 sperneret:
491 2631 712 2712 quippe
753 2631 1102 2710 Aesculapio
1145 2639 1225 2694 et
1248 2631 1545 2695 Minervae
1594 2633 1767 2695 ludos
1814 2631 2149 2694 celebravit.
2254 2702 2267 2716 ,

31 2716 381 2802 Spectanti
409 2717 666 2780 nuncius
701 2718 892 2781 laetus
929 2720 1172 2780 affertur
1209 2718 1649 2794 Halicarnasso,
1694 2720 1907 2783 Persas
1946 2718 2074 2783 acie
2114 2736 2150 2779 a
2169 2717 2211 2780 4
2266 2714 2268 2716 ’

33 2806 200 2871 suis
241 2821 380 2867 esse
411 2812 757 2883 superatos,
807 2804 1080 2885 Myndios
1121 2823 1355 2886 quoque
1390 2815 1449 2869 et
1480 2806 1735 2869 Caunios
1766 2814 1824 2867 et
1864 2806 2150 2887 pleraque

29 2890 302 2957 tractus
324 2890 450 2951 eius
473 2906 616 2952 suae
636 2891 788 2953 facta
813 2889 1072 2953 ditionis.
1143 2889 1327 2970 Igitur
1362 2893 1521 2954 edito
1558 2892 1893 2973 spectaculo
1919 2890 2147 2954 ludicro
2168 2892 2208 2952 ὅ

29 2973 404 3074 castrisque
421 2976 598 3039 motis
621 2985 684 3039 et
699 2978 948 3057 Pyramo
975 2995 1150 3039 amne
1174 2986 1359 3059 ponte
1377 2978 1579 3042 iuncto
1605 2979 1680 3040 ad
1704 2979 1911 3041 urbem
1928 2977 2149 3041 Mallon

23 3061 378 3159 pervenit:
435 3062 578 3123 inde
624 3063 852 3126 alteris
867 3056 1076 3126 castris
1121 3064 1196 3127 ad
1258 3066 1544 3165 oppidum
1596 3066 1990 3127 Castabulum.
2058 3062 2149 3127 lbi
2167 3060 2208 3123 6

15 3146 390 3217 Parmenio
415 3148 548 3227 regi
566 3149 836 3225 occurrit,
871 3170 1046 3230 quem
1074 3138 1462 3229 praemiserat
1496 3151 1569 3212 ad
1596 3151 2019 3231 explorandum
2038 3149 2151 3211 iter

18 3238 286 3309 saltum,
330 3251 441 3313 per
481 3252 657 3313 quem
697 3236 773 3297 ad
797 3235 1006 3298 urbem
1029 3238 1217 3298 Isson
1254 3238 1496 3300 nomine
1538 3238 1967 3319 penetrandum
2006 3238 2148 3293 erat.

9 3325 264 3403 Atque
287 3316 400 3382 ille
433 3319 721 3400 angustiis
757 3321 884 3383 eius
921 3322 1221 3402 occupatis
1257 3334 1317 3387 et
1339 3323 1637 3404 praesidio
1674 3324 1907 3384 modico
1942 3318 2147 3380 relicto
2165 3311 2209 3375 7

13 3412 248 3474 Isson
291 3422 530 3485 quoque
566 3406 862 3468 desertam
893 3427 926 3468 a
964 3408 1233 3471 barbaris
1285 3418 1541 3489 ceperat.
1608 3409 1755 3470 Inde
1789 3418 2147 3487 progressus

15 3489 561 3572 deturbatis,q1n
580 3491 860 3553 interiora
883 3494 1168 3557 montium
1195 3495 1566 3568 obsidebant,
1603 3490 1915 3573 praesidiis
1938 3496 2151 3550 cuncta
2254 3498 2265 3504 ’

11 3578 360 3653 firmavit,
379 3586 783 3659 occupatoque
807 3578 1037 3653 itinere,
1073 3580 1227 3643 sicut
1248 3582 1441 3658 pauno
1462 3588 1599 3640 ante
1617 3578 1835 3637 dictum
1854 3577 1969 3641 est,
1989 3570 2151 3629 idem
