2417 3900
496 114 635 175 ιιΒ.
679 115 827 175 v111.
876 111 1027 193 (vl.)
1073 115 1232 175 mr.
1275 114 1422 175 mv.
1471 94 1760 179 17-43,
2068 119 2188 180 179

116 232 425 311 multisque
453 235 682 295 eminus
704 232 1021 295 vulneratis
1048 233 1346 310 expositus
1370 234 1498 313 ipse
1523 234 1598 293 ad
1625 233 1777 295 ictus
1801 235 2058 318 undique
2083 260 2190 319 pe-

118 317 363 378 tebatur.
410 318 635 380 Novem
658 319 771 380 iam
794 306 1033 378 vulnera
1054 315 1193 377 hinc
1210 326 1396 395 tergo,
1418 319 1580 380 illinc
1599 328 1842 397 pectore
1863 336 2185 403 exceperat,
2207 334 2289 396 32

110 404 420 483 multoque
470 403 759 483 sanguine
806 404 1055 483 profuso
1098 401 1386 481 languidis
1430 404 1702 465 manibus
1751 407 1940 485 magis
1994 410 2188 490 elapsa

112 509 282 568 quam
309 508 557 551 excussa
584 491 697 551 tela
718 489 1002 551 mittebat.
1071 487 1121 547 N
1128 507 1195 548 ec
1219 489 1456 566 segnius
1481 490 1670 562 belua,
1712 489 1985 553 instincta
2009 496 2189 567 rabie,
2208 504 2291 566 33

108 576 381 636 nondum
408 577 625 649 saucia,
656 574 1039 637 invehebatur
1066 574 1390 647 ordinibuS,
1432 574 1623 636 donec
1643 585 1837 636 rector
1865 578 2072 639 beluae
2099 599 2192 640 re-

106 680 244 737 gem
274 662 581 739 conspexit
606 661 923 723 fluentibus
950 660 1233 721 memhris
1259 660 1608 739 omissisque
1632 661 1808 721 armis
1833 662 1928 724 vix
1949 683 2192 745 compo-

106 758 230 807 tem
263 746 509 807 mentis:
565 748 714 807 Tum
741 747 969 807 beluam
998 746 1059 805 in
1090 746 1288 823 fugam
1320 746 1590 818 concitat,
1633 756 1914 825 sequente
1941 752 2192 813 Alexan·
2211 755 2294 817 3⁴

106 832 258 891 dro:
310 832 417 891 sed
448 851 631 911 equus
674 832 799 893 eius
830 832 1024 892 multis
1062 831 1399 892 vulneribus
1439 834 1750 892 confossus
1791 834 2188 917 deficiensque

106 916 441 993 procubuit,
485 917 678 997 posito
706 918 892 996 magis
917 935 1055 995 rege
1083 935 1255 996 quam
1299 920 1506 979 effuso.
1573 918 1774 996 ltaque
1804 920 1942 981 dum
1972 941 2188 1003 equum

98 1010 313 1076 mutat,
362 1001 582 1064 tardius
607 1004 955 1083 insequutus
983 1010 1091 1064 est.
1159 1003 1397 1063 Interim
1432 1006 1609 1064 frater
1635 1004 1866 1079 TaxiliS‚
1908 1008 2064 1088 regis
2087 1010 2187 1069 ln·
2206 1009 2291 1071 36

104 1089 334 1161 dorum,
360 1090 724 1167 praemissus
751 1090 827 1151 ab
848 1088 1197 1159 Alexandr0‚
1243 1106 1485 1149 monere
1513 1089 1705 1167 coepit
1731 1090 1969 1163 Porum,
1995 1110 2070 1152 ne
2097 1094 2190 1153 ul-

101 1173 245 1234 tima
272 1175 523 1253 experiri
550 1184 974 1253 perseveraret,
1004 1173 1358 1251 dederetque
1383 1193 1446 1233 se
1473 1174 1698 1234 victori.
1745 1177 1818 1233 At
1840 1175 1953 1247 ille,
1982 1194 2189 1253 quam·
2209 1185 2293 1247 36

102 1278 283 1337 quam
330 1259 649 1319 exhaustae
695 1268 863 1319 erant
903 1258 1057 1317 vires
1101 1258 1522 1336 deficiebatque
1567 1258 1802 1334 sanguis
1819 1304 1832 1323 ,
1877 1270 2072 1320 tamen
2116 1263 2190 1322 ad

100 1353 309 1405 notam
335 1362 539 1403 vocem
571 1343 876 1416 excitatuS,
910 1344 1201 1423 AgnoscO,
1227 1342 1435 1421 inquit,
1463 1344 1680 1402 Taxilis
1710 1344 1966 1417 fratrem,
2002 1345 2191 1426 impe-

97 1429 171 1489 rii
202 1426 489 1507 regnique
516 1428 609 1489 sui
635 1427 985 1508 proditoris3
1035 1437 1093 1487 et
1127 1427 1328 1497 telum,
1375 1428 1532 1505 quod
1560 1444 1740 1486 unum
1778 1429 1929 1488 forte
1957 1448 2078 1491 non
2105 1434 2191 1491 ef-

98 1516 371 1587 fluxerat,
421 1512 710 1577 contorsit
744 1512 806 1573 in
836 1530 990 1586 eum,
1040 1511 1197 1591 quod
1228 1530 1334 1589 per
1361 1511 1616 1571 medium
1642 1518 1846 1589 pectus
1871 1514 2193 1592 penetravit

100 1601 181 1661 ad
214 1609 465 1677 tergum.
510 1598 645 1660 Hoc
664 1597 865 1661 ultimo
892 1598 1119 1658 virtutis
1146 1614 1328 1674 opere
1353 1596 1509 1657 edito
1538 1599 1736 1674 fugere
1762 1598 1955 1659 acrius
1984 1602 2189 1679 coepit,
2209 1606 2293 1668 37

98 1686 215 1746 sed
240 1684 593 1763 elephantus
618 1702 873 1764 quoque,
901 1682 1001 1763 qui
1018 1682 1196 1744 multa
1218 1692 1528 1763 exceperat
1547 1686 1677 1756 tela,
1706 1682 2028 1746 deficiebat.
2074 1687 2202 1750 lta-.

100 1790 226 1849 que
252 1768 406 1830 sistit
429 1771 625 1848 fugam
652 1769 1029 1849 peditemque
1054 1768 1324 1847 sequenti
1349 1768 1506 1828 hosti
1527 1768 1754 1830 obiecit.
1799 1768 1918 1829 Iam
1939 1771 2187 1833 Alexan-
2207 1774 2289 1839 38

29 1850 45 1867 '¹
102 1858 217 1917 der
238 1863 640 1935 consequutus
668 1863 793 1916 erat
815 1864 873 1917 et
898 1853 1221 1935 pertinacia
1241 1855 1377 1915 Pori
1401 1855 1627 1932 cognita
1651 1855 1880 1915 vetabat
1901 1857 2186 1919 resisten-

101 1942 267 2004 tibus
295 1940 481 2022 parci.
546 1942 703 2021 Ergo
735 1941 989 2021 undique
1014 1947 1071 2001 et
1097 1940 1158 2001 in
1184 1940 1416 2020 pedites
1443 1950 1500 2001 et
1521 1939 1578 2001 in
1610 1940 1802 2020 ipsum
1830 1941 2046 2004 Porum
2073 1945 2186 2006 tela

98 2036 389 2108 congesta
413 2037 569 2102 sunt,
605 2032 735 2108 quis
756 2028 994 2089 tandem
1021 2038 1288 2106 gravatus
1314 2027 1424 2086 labi
1447 2045 1516 2087 ex
1534 2027 1702 2087 belua
1724 2029 1937 2105 coepit.
1981 2023 2300 2104 Indus,'39.
2392 2073 2393 2076 ,

100 2114 204 2193 qui
236 2113 613 2191 elephantum
637 2115 895 2191 regebat,
940 2114 1300 2173 descendere
1340 2131 1473 2172 eum
1502 2121 1659 2172 ratus
1682 2131 1847 2172 more
1870 2114 2041 2175 solito
2067 2116 2187 2177 ele·
2264 2118 2274 2132 '

98 2201 396 2280 phantum
428 2199 812 2277 procumbere
835 2199 1005 2259 iussit
1026 2199 1087 2259 in
1116 2215 1336 2276 genua:
1382 2197 1479 2276 qui
1503 2205 1570 2257 ut
1593 2215 1665 2256 se
1687 2198 1974 2271 submisit,
2006 2201 2188 2263 ceteri

96 2299 364 2365 quoque,
386 2282 464 2343 ita
488 2284 643 2344 enim
668 2284 914 2346 instituti
936 2292 1119 2355 erant,
1148 2283 1443 2342 demisere
1466 2299 1711 2360 corpora
1737 2282 1798 2342 in
1824 2291 2058 2346 terram.
2103 2286 2186 2346 Ea

92 2389 197 2432 res
235 2377 295 2429 et
318 2367 534 2429 Porum
564 2377 621 2430 et
646 2378 871 2430 ceteros
897 2368 1218 2429 victoribus
1244 2366 1501 2427 tradidit.
1571 2396 1580 2407 ·

235 2453 359 2514 Rex
392 2455 626 2533 spoliari
657 2474 868 2534 corpus
895 2454 1049 2526 Pori,
1091 2455 1507 2531 interemptum
1535 2469 1667 2512 esse
1698 2451 1962 2528 credenS,
2001 2454 2182 2526 iubet,
2205 2462 2286 2524 40
2390 2499 2391 2506 1

96 2550 173 2614 et,
210 2538 310 2618 qui
338 2527 711 2603 detraherent
747 2541 985 2602 loricam
1016 2549 1375 2617 vestemque,
1420 2556 1769 2598 concurrere
1808 2557 1988 2617 quum
2014 2540 2184 2601 belua

96 2625 411 2688 dominum
431 2626 581 2688 tueri
608 2635 667 2687 et
691 2627 1007 2707 spoliantes
1036 2625 1228 2704 coepit
1252 2632 1546 2702 appetere,
1575 2625 1944 2703 levatumque
1964 2644 2182 2706 corpus
2272 2649 2280 2656 ·

96 2713 237 2773 eius
274 2731 482 2772 rursus
522 2713 701 2774 dorso
736 2731 844 2774 suo
874 2711 1201 2791 imponere.
1267 2711 1426 2788 Ergo
1453 2710 1580 2770 telis
1609 2706 1867 2790 undique
1895 2711 2180 2785 obruitur,

97 2797 502 2876 confossoque
539 2816 609 2858 eo
646 2799 707 2859 in
744 2797 1070 2858 vehiculum
1102 2797 1292 2857 Porus
1334 2795 1674 2875 imponitur.
1745 2797 1936 2868 Quem
1974 2814 2078 2858 rex
2119 2807 2182 2859 ut
2201 2801 2278 2861 41
2385 2807 2390 2836 ³

94 2881 252 2942 vidit
282 2883 619 2944 allevantem
660 2884 878 2956 oculoS,
926 2901 1047 2944 non
1089 2882 1245 2955 odio,
1287 2881 1394 2942 sed
1431 2881 1806 2942 miseratione
1834 2892 2180 2952 commotus,

101 2969 291 3042 Quae,
328 2969 561 3042 malum,
587 2969 789 3050 inquit,
827 2968 1080 3030 amentia
1104 2976 1160 3028 te
1187 2967 1395 3045 coegit,
1432 2985 1626 3027 rerum
1657 2985 1918 3028 mearum
1948 2968 2178 3047 cognita

96 3053 425 3118 fama,belli
450 3055 742 3116 fortunam
770 3054 1037 3134 experiri,
1076 3072 1255 3132 quum
1277 3053 1505 3114 Taxiles
1532 3061 1688 3113 esset
1712 3051 1772 3112 in
1801 3054 2030 3116 deditos
2060 3053 2178 3112 cle-

96 3139 358 3214 mentiae
393 3159 561 3202 meae
598 3150 711 3202 tam
753 3141 1145 3222 propinquum
1180 3139 1285 3200 tibi
1312 3135 1685 3217 exemplum?
1752 3143 1826 3198 At
1848 3139 1964 3210 ille,
2014 3139 2178 3208 Quo·
2196 3137 2278 3198 42

102 3227 282 3300 niam,
316 3227 521 3307 inquit,
550 3225 934 3306 percontaris,
977 3224 1352 3305 respondebo
1380 3243 1447 3285 ea
1473 3224 1756 3296 libertate,
1798 3241 1968 3300 quam
1994 3222 2179 3280 inter-

100 3312 371 3388 rogando
397 3311 603 3374 fecisti.
668 3312 973 3372 Neminem
1000 3331 1095 3372 me
1122 3311 1421 3373 fortiorem
1449 3328 1581 3371 esse
1617 3307 1951 3371 censebam.
2015 3303 2176 3366 Meas

104 3399 261 3458 enim
290 3417 566 3460 noveram
593 3399 763 3471 vireS‚
806 3398 1070 3458 nondum
1101 3404 1376 3475 expertus
1409 3389 1565 3458 tuas:
1613 3393 1912 3455 fortiorem
1941 3407 2076 3452 esse
2097 3398 2174 3464 te,

102 3483 244 3544 belli
264 3485 463 3546 docuit
486 3493 750 3546 eventus,
797 3482 913 3542 Sed
941 3501 1016 3542 ne
1038 3481 1124 3543 sic
1144 3481 1378 3560 quidem
1402 3499 1608 3560 parum
1627 3475 1762 3538 felix
1783 3490 1932 3553 sum,
1960 3495 2175 3540 secun-

102 3570 219 3632 dus
246 3569 371 3632 tibi.
435 3570 667 3632 Rursus
690 3569 1101 3646 interrogatus,
1142 3565 1279 3644 quid
1319 3565 1449 3645 ipse
1478 3567 1756 3626 victorem
1783 3567 2042 3630 statuere
2069 3565 2174 3629 de·
2191 3557 2276 3623 ⁴8

312 3678 317 3688 ·
478 3673 489 3689 ²
1763 3658 1873 3711 12*
