2417 3900
568 55 735 178 ιιι..
771 91 866 167 ιν.
898 101 1030 182 (ιι.)
1078 102 1237 164 (ιιι).
1280 100 1377 162 ιι.
1418 99 1671 162 5—27.
2078 99 2163 162 ιι

107 219 358 288 nunciati
392 220 636 301 periculi
655 221 840 290 haud:
863 239 1011 291 sane
1032 237 1261 282 memor
1290 219 1536 280 loricam
1566 228 1784 294 tamen,
1828 235 1999 299 quam
2026 236 2164 283 raro

108 307 410 382 induebat,
457 307 660 370 amicis
687 307 1006 370 orantibus
1018 304 1285 384 sumpsit·
1296 315 1355 366 et
1380 307 1451 366 ad
1481 305 1669 384 prima
1695 307 1860 387 signa
1883 309 2167 384 pervenit.

107 395 231 468 Quo
274 403 594 473 conspecto
635 394 826 472 Arabs
872 391 1112 470 quidam
1146 391 1515 452 Dareimiles
1556 393 1745 454 maius
1785 393 2021 453 fortuna
2062 399 2167 456 sua
2191 401 2272 464 15

102 480 326 543 facinus
353 498 548 550 ,ausus
590 479 848 556 gladium
896 477 1082 556 clipeo
1121 484 1331 554 tegens
1374 476 1541 556 quasi
1576 481 1878 556 transfuga
1921 477 2171 556 genibus

99 567 256 645 regis
279 566 628 627 advolvitur.
707 565 812 626 Ille
841 581 1152 642 assurgere
1173 563 1503 643 supplicem
1524 565 1823 644 recipique
1844 564 2004 624 inter
2028 581 2173 626 suos

98 652 290 730 iussit.
379 653 454 712 At
485 651 776 722 barbarus
811 650 1004 729 gladio
1039 657 1281 711 strenue
1322 649 1385 710 in
1426 650 1689 710 dextram
1722 650 2011 713 translato
2040 669 2174 712 cer·
2199 655 2281 718 16

98 739 294 802 vicem
320 735 541 816 appetit
559 737 736 816 regist,
759 736 858 816 qui
881 736 1090 814 exigua
1107 735 1391 815 corporis
1406 735 1797 798 declinatione
1824 735 2037 798 evitato
2055 736 2177 798 ictu

97 825 166 886 in
189 840 407 884 vanum
426 841 662 885 manum
685 822 920 886 barbari
941 824 1456 906 lapsam-amputat
1479 821 1701 900 gladio,
1737 820 2087 884 denunciato
2110 822 2176 886 in
2293 850 2301 857 ·

99 910 272 972 illum
295 907 448 982 diem
471 908 764 989 periculo,
805 919 874 984 ut
893 909 1286 972 arbitrabatur
1308 908 1459 987 ipse,
1504 909 1837 970 defunctus.
1916 907 2066 983 Sed,
2105 915 2176 972 ut
2198 911 2282 976 17

30 1075 32 1078 y
100 994 336 1076 opinor,
381 994 714 1059 inevitabile
761 1004 856 1057 est
903 997 1106 1058 fatum.
1151 1047 1160 1056 .
1217 995 1453 1074 Quippe
1476 996 1640 1056 dum
1680 994 1837 1055 inter
1878 994 2177 1074 primores

99 1080 432 1164 promptius
454 1081 708 1155 dimicat,
734 1080 948 1160 sagitta
973 1082 1122 1143 ictus
1149 1088 1265 1141 est:
1294 1099 1468 1160 quam
1491 1098 1601 1162 per
1624 1079 1865 1144 loricam
1888 1080 2178 1156 adactam,

101 1175 359 1230 stantem
393 1167 456 1229 in
480 1168 754 1242 humero,
795 1167 1062 1230 medicus
1086 1166 1210 1228 eius
1234 1167 1545 1248 Philippus
1586 1165 1797 1227 evellit.
1889 1166 2179 1228 Plurimus
2202 1169 2285 1244 18

103 1253 321 1318 deinde
374 1251 614 1334 sanguis
663 1271 910 1316 manare
959 1252 1181 1332 coepit,
1230 1253 1505 1314 omnibus
1559 1252 1807 1326 territis,
1856 1252 1991 1331 quia
2036 1269 2179 1327 non,
2271 1280 2281 1290 ,

104 1359 280 1420 quam
305 1339 420 1402 alte
439 1347 816 1419 penetrasset
833 1339 1036 1412 telum,
1059 1338 1243 1400 lorica
1259 1338 1539 1399 obstante
1566 1345 1986 1416 cognoverant.
2042 1339 2183 1419 Ipse

102 1443 182 1488 ne
219 1425 344 1486 oris
383 1424 622 1504 quidem
660 1425 860 1486 colere
889 1431 1114 1484 mutato
1150 1424 1445 1519 supprimi
1480 1424 1834 1501 sanguinem
1873 1431 1931 1484 et
1968 1425 2183 1486 vulnus

104 1509 360 1590 obligari
391 1509 584 1573 iussit.
670 1509 785 1571 Diu
823 1517 958 1570 ante
995 1510 1125 1588 ipsa
1163 1508 1332 1586 signa
1365 1511 1459 1571 vel
1496 1509 1864 1571 dissimulato
1904 1510 1999 1570 vel
2029 1509 2184 1571 victo
2207 1508 2287 1572 19

103 1599 324 1661 dolore
348 1596 708 1675 perstiterat,
740 1614 924 1676 quum
951 1609 1320 1674 suppressus
1338 1595 1533 1675 paullo
1560 1596 1698 1656 an'te
1726 1595 1967 1675 sanguis
1997 1594 2189 1656 medi-
2219 1624 2228 1630 ·

103 1676 409 1757 camerato,
460 1701 578 1762 quo
609 1690 878 1754 retentus
913 1690 1058 1756 erat,
1100 1697 1347 1742 manare
1384 1681 1559 1763 latius
1594 1682 1807 1762 coepit,
1836 1643 1921 1742 oet
1954 1681 2190 1756 vulnus,

101 1768 275 1851 quod
297 1785 508 1832 recens
535 1769 732 1832 adhuc
757 1769 1031 1830 dolor-em.
1046 1787 1170 1828 nnn
1192 1777 1477 1843 moverat,
1512 1757 1765 1848 frigente
1786 1767 2075 1846 sanguine
2094 1767 2191 1828 in-

97 1854 348 1919 tumuit.
429 1853 642 1935 Linqui
678 1854 894 1916 deinde
928 1855 1152 1916 animo
1145 1862 1219 1915 et
1246 1855 1509 1918 submitti
1535 1871 1692 1934 genu
1731 1853 1955 1933 coepit.
2013 1867 2190 1933 quem
2209 1859 2295 1944 20

99 1940 366 2025 proximi
391 1952 700 2023 exceptum
731 1941 796 2003 in
825 1949 1016 2005 castra
1040 1952 1419 2021 receperunt.
1509 1943 1584 2005 Et
1614 1940 1777 2003 Betis
1818 1937 2245 2003 intersectum

101 2037 274 2093 ratus
298 2028 510 2091 urbem
539 2046 726 2092 ovans
749 2027 987 2089 victoria
1009 2029 1241 2109 repetit.

238 2114 320 2175 At
368 2114 706 2177 Alexander
748 2114 1021 2175 noudum
1059 2120 1372 2193 percurato
1408 2112 1665 2174 vulnere
1708 2126 2013 2190 aggerem,
2072 2127 2190 2189 quo
2210 2115 2297 2181 21

102 2198 416 2265 moenium
447 2200 810 2263 altitudinem
833 2206 1131 2279 aequaret,
1175 2196 1462 2260 exstruxit
1484 2195 1872 2277 pluribusque
1906 2194 2191 2258 cuniculis
2240 2217 2249 2225 ·
2356 2244 2361 2249 .

103 2301 321 2349 muros
341 2285 550 2349 subrui
569 2286 764 2349 iussit.
821 2284 1120 2383 Oppidani
1139 2286 1215 2345 ad
1236 2282 1553 2364 pristinum
1575 2280 1871 2360 fastigium
1890 2282 2191 2344 moenium
2213 2287 2297 2349 22

103 2384 338 2437 novum
363 2380 700 2434 exstruxere
721 2372 1173 2443 munimentum,
1201 2370 1310 2431 sed
1334 2386 1413 2429 ne
1430 2368 1493 2429 id
1516 2366 1757 2449 quidem
1782 2376 1976 2429 turres
1994 2368 2196 2447 aggeri

108 2458 432 2538 impositas
456 2466 692 2547 poterat¹
711 2476 988 2537 aequare.
1072 2456 1278 2535 ltaque
1302 2454 1585 2517 interiora
1624 2470 1860 2533 quoque
1893 2452 2059 2517 urbis
2098 2456 2195 2517 in·-
2244 2476 2253 2483 ·

113 2546 272 2607 festa
316 2543 448 2607 telis
489 2538 684 2608 era'nt.
765 2544 979 2606 Ultima
1019 2542 1207 2623 pestis-
1248 2540 1415 2603 urbis
1456 2538 1569 2603 fuit
1607 2540 1878 2602 cuniculo
1910 2542 2195 2603 subrutus
2214 2544 2299 2607 23

109 2648 348 2704 murus,
369 2648 480 2709 per
505 2632 672 2694 cuius
697 2633 900 2693 ruinas
921 2630 1110 2691 bostis
1131 2624 1387 2691 intravit.
1449 2626 1755 2690 Ducebat
1738 2644 1871 2707 ipse
1894 2644 1999 2689 rex
2022 2636 2195 2689 ante-

113 2716 424 2796 signanus,
457 2726 516 2779 et
537 2718 676 2779 dum
705 2716 996 2779 incautius
1020 2714 1198 2788 subit,
1237 2731 1383 2786 saxo
1408 2732 1543 2776 crus
1566 2714 1693 2777 eius
1716 2712 2010 2792 affligitur.
2096 2714 2197 2775 ln-
2216 2723 2302 2787 24

111 2803 298 2865 nixus
333 2810 530 2863 tamen
569 2805 716 2877 telo,
759 2803 1026 2865 nondum
1063 2800 1281 2882 prioris
1314 2800 1577 2862 vulneris
1616 2800 1871 2862 obducta
1908 2798 2197 2874 cicatrice,

113 2889 280 2953 inter
301 2887 876 2968 primores-dimicat,
899 2888 988 2949 ira
1017 2906 1262 2967 quoque
1277 2903 1586 2961 accensuri,
1612 2886 1771 2965 quod
1798 2885 2003 2947 dunin
2031 2884 2199 2947 obsi-

117 2974 308 3039 dione
332 2974 494 3037 urbis
527 2976 650 3037 eius
678 2971 918 3037 vulnera
942 2982 1271 3054 acceperat.
1340 2970 1531 3033 Betim
1550 2972 1794 3051 ‘egregia
1809 2972 1973 3034 edita
1998 2974 2200 3051 pugna
2218 2979 2303 3043 25

115 3060 448 3140 multisque
491 3062 834 3126 vulneribus
875 3062 1208 3123 confectum
1252 3058 1649 3123 deseruerunt
1688 3058 1797 3132 sui,
1852 3076 1964 3120 nec
2003 3068 2201 3120 tamen

117 3147 376 3226 segnius
410 3148 702 3227 proelium
730 3146 1095 3227 capessebat,
1136 3144 1377 3209 lubricis
1410 3145 1595 3209 armis
1628 3151 1741 3206 suo'
1768 3144 1991 3225 pariter
2021 3152 2201 3220 atque
2248 3206 2256 3215 ,

117 3232 397 3297 hostium
417 3234 722 3313 sangnine.
755 3234 878 3296 Sed
899 3250 1034 3295 cum
1055 3232 1320 3312 undique
1338 3234 1466 3294 telis
1488 3239 1579 3293 est
1598 3230 2013 3301 cirmmdatus‚
2034 3228 2201 3288 inso-
2220 3232 2307 3298 26

123 3319 280 3383 lenti
297 3320 514 3397 gaudio
535 3320 767 3381 iuvenis
797 3321 1003 3392 elatus,
1039 3319 1185 3381 alias
1203 3318 1435 3380 virtutis
1459 3318 1633 3379 etiam
1658 3316 1719 3378 in
1738 3318 1927 3377 hoste·
1936 3312 2202 3382 mirator,

123 3406 272 3469 Non
305 3414 372 3467 ut
397 3405 658 3479 voluisti,
695 3406 902 3485 inquit,
941 3404 1233 3479 morieris,
1274 3406 1382 3465 sed
1405 3402 1713 3483 quidquid·
1727 3396 2201 3477 {tormentcrum}

125 3492 192 3555 in
213 3490 519 3573 captivum
547 3491 794 3554 inveniri
815 3498 1030 3573 petest,
1067 3505 1386 3571 passurum
1418 3503 1567 3551 esse
1568 3497 1635 3557 tc
1656 3484 1893 3559 cogita.
1953 3478 2056 3539 lile
2082 3496 2203 3539 non
2222 3483 2309 3545 27

127 3577 414 3653 interrito
459 3579 662 3652 modo,
707 3578 838 3639 sed
851 3576 1195 3645 contumaci
1238 3590 1478 3654 queque
1514 3572 1679 3631 vultu
1723 3566 1960 3625 intuens
2000 3570 2206 3637 regem
