2417 3900
553 94 690 154 Lm.
738 93 831 153 vi.
878 94 1029 175 (ιν.)
1100 96 1260 156 cAP.
1307 96 1370 157 v.
1441 92 1692 155 4-27,
2026 90 2148 154 101

105 230 156 269 in
190 229 253 270 se
284 208 563 289 implicati
596 211 879 273 arborum
908 211 1075 284 rami,
1116 214 1424 291 suspensis
1467 214 1698 277 circulis
1737 213 1976 286 similes,
2005 215 2166 274 leuto

104 294 308 355 vimine
337 294 771 357 frustiabantur
792 296 964 360 ictuS.
1018 295 1252 359 Incolae
1279 309 1472 361 autem
1495 300 1610 362 ritu
1636 301 1894 361 ferarum
1923 299 2168 381 virgulta
2191 301 2272 363 17

101 382 291 443 subire
334 381 493 443 soliti
534 392 660 443 tum
704 400 944 463 quoque
986 381 1346 447 intraverant
1377 386 1588 448 saltum
1623 384 1993 465 occultisque
2035 384 2170 447 telis

97 470 326 530 hostem
349 468 740 530 lacessebant.

216 556 324 616 ille
356 554 696 615 venantium
726 553 908 614 modo
943 551 1183 615 latibula
1221 562 1514 618 scrutatus
1538 558 1854 641 plerosque
1880 552 2174 629 confodit,

92 641 162 700 ad
194 640 467 703 ultimum
510 638 819 701 circumire
858 639 1069 701 saltum
1104 641 1322 705 milites
1365 642 1550 715 iubet,
1593 651 1658 705 ut
1693 643 1743 704 si
1779 662 1894 725 qua
1910 647 2176 723 pateret,

87 726 511 807 irrumperent.
576 725 694 789 Sed
738 724 957 805 ignotis
999 725 1146 789 locis
1184 729 1454 808 plerique
1492 729 1867 791 oberrabant.
1935 725 2180 807 Excepti
2199 728 2278 793 18

89 820 233 874 sunt
272 812 529 892 quidam,
570 812 723 874 inter
758 830 907 893 quos
943 830 1133 893 equus
1165 816 1321 895 regis
1361 813 1790 895 (Bucephalam
1832 809 2177 893 vocabant),

89 917 267 977 quem
292 898 621 962 Alexander
644 918 766 961 non
790 899 1020 973 eodem,
1056 919 1173 979 quo
1202 913 1434 963 ceteras
1460 902 1741 981 pecudeS,
1771 901 1970 963 animo
1997 899 2180 961 aesti-

86 985 306 1047 mabat.
362 984 512 1046 Nam
538 986 633 1047 ille
660 1004 773 1047 nec
800 985 863 1047 in
892 985 1073 1047 dorso
1105 986 1365 1049 insidere
1397 1006 1506 1050 suo
1542 988 1870 1068 patiebatur
1891 988 2087 1059 alium,
2117 992 2178 1047 et

82 1089 305 1150 regem,
348 1090 529 1151 quum
570 1072 745 1133 vellet
786 1073 1129 1145 ascendere,
1174 1084 1389 1153 sponte
1429 1094 1534 1137 sua
1573 1091 1762 1154 genua
1793 1075 2173 1136 summittens

87 1156 431 1237 excipiebat,
472 1158 941 1237 credebaturque
968 1158 1207 1233 sentire,
1247 1179 1424 1239 quem
1455 1160 1710 1221 veheret.
1754 1160 1978 1220 Maiore
2008 1175 2174 1235 ergo,
2198 1162 2278 1225 19

86 1263 261 1323 quam
297 1242 565 1316 decebat,
594 1244 681 1305 ira
714 1243 892 1304 simul
934 1260 1004 1303 ac
1040 1244 1246 1305 dolore
1285 1245 1617 1307 stimulatus
1649 1262 1866 1323 equum
1899 1242 2178 1321 vestigari

84 1330 249 1392 iubet
276 1338 337 1391 et
362 1348 475 1411 per
498 1327 887 1407 interpretem
911 1329 1314 1406 pronunciari,
1343 1330 1406 1391 ni
1433 1330 1852 1402 reddidissent,
1879 1328 2181 1390 neminem

86 1434 219 1477 esse
264 1414 580 1477 victurum.
660 1414 785 1477 Hac
837 1413 1300 1477 denunciatione
1334 1414 1522 1475 territi
1564 1434 1698 1480 cum
1745 1414 1956 1475 ceteris
2003 1414 2180 1475 donis

85 1520 305 1582 equum
343 1500 665 1562 adducunt.
730 1499 849 1559 Sed
876 1516 953 1560 ne
988 1498 1076 1559 sic
1101 1498 1340 1576 quidem
1369 1499 1670 1577 mitigatus
1699 1500 1864 1560 caedi
1889 1500 2064 1560 silvas
2090 1500 2181 1560 iu·
2201 1500 2287 1562 20

80 1588 186 1649 bet
220 1594 586 1667 aggestaque
618 1585 802 1646 humo
853 1604 885 1646 e
918 1583 1223 1645 montibus
1261 1585 1566 1663 planitiem
1615 1586 1794 1646 ramis
1835 1585 2184 1665 impeditam

83 1672 455 1753 exaggerari.
525 1670 648 1730 Iam
690 1670 1049 1751 aliquantum
1095 1670 1416 1735 altitudinis
1463 1691 1616 1752 opus
1664 1680 1960 1746 creverat,
2002 1690 2184 1751 quum
2204 1671 2286 1733 21

80 1758 356 1832 barbari,
402 1756 701 1838 desperati
736 1757 1068 1837 regionem,
1108 1776 1284 1837 quam
1325 1767 1774 1839 occupaverant,
1818 1776 1998 1839 posse
2042 1758 2185 1819 reti-

82 1844 237 1919 neri,
264 1853 500 1923 gentem
540 1862 705 1905 suam
731 1842 1034 1906 dedidere.
1092 1844 1238 1919 Rex,
1266 1845 1574 1909 obsidibus
1613 1846 1868 1927 acceptis
1905 1845 2189 1907 Phradati

82 1931 325 1993 tradere
354 1951 457 1993 eos
491 1930 682 1994 iussit.
740 1931 886 1993 Inde
915 1930 1121 2010 quinto
1153 1930 1250 1994 die
1278 1932 1338 1994 in
1377 1932 1586 1996 stativa
1617 1932 1955 1996 revertitur.
2013 1934 2184 1994 Arta-
2203 1928 2287 1990 22

84 2019 298 2080 bazum
330 2019 545 2082 deinde
577 2017 873 2098 geminato
907 2019 1157 2092 honore,
1186 2021 1373 2099 ‘quern
1407 2021 1632 2083 Dareus
1665 2020 1958 2081 habuerat
1984 2017 2055 2092 ei,
2085 2035 2186 2080 re-

84 2105 264 2166 mittit
291 2104 556 2165 domum.
600 2105 724 2164 Iam
755 2105 831 2164 ad
854 2105 1063 2166 urbem
1090 2104 1436 2182 Hyrcaniae,
1459 2106 1519 2165 in
1546 2123 1657 2182 qua
1676 2106 1839 2182 regia
1864 2104 2038 2165 Darei
2059 2103 2184 2176 fuit,

92 2200 338 2251 ventum
366 2197 509 2250 erat.
552 2187 643 2250 Ibi
670 2189 1046 2250 Nabarzanes
1077 2198 1314 2267 accepta
1341 2189 1459 2250 fide
1487 2189 1758 2262 occurrit,
1797 2191 1955 2249 dona
1974 2188 2188 2265 ingen-

91 2279 173 2337 tia
203 2277 425 2336 ferens,
470 2273 633 2335 Inter
655 2292 804 2352 quae
828 2274 1061 2352 Bagoas
1088 2283 1234 2347 erat,
1260 2275 1460 2352 specie
1491 2274 1774 2351 singulari
1800 2273 1990 2353 spado
2011 2280 2188 2351 atque
2205 2276 2292 2341 23

88 2363 149 2423 in
174 2361 311 2442 ipso
331 2361 479 2421 flore
503 2358 801 2438 pueritiae,
824 2358 916 2420 cui
939 2369 997 2420 et
1020 2359 1246 2420 Dareus
1272 2368 1548 2420 assuetus
1570 2360 1776 2433 fuerat,
1805 2367 1864 2420 et
1883 2376 2026 2420 mox
2052 2358 2190 2418 Ale-

90 2447 325 2508 xander
364 2445 651 2506 assuevit:
702 2444 947 2524 eiusque
988 2445 1243 2506 maxime
1289 2444 1568 2524 precibus
1612 2456 1814 2507 motus
1859 2443 2189 2507 Nabarzani

90 2532 344 2612 ignovit.

228 2617 390 2692 Erat,
421 2622 487 2678 ut
520 2631 701 2696 supra
729 2615 949 2678 dictum
980 2622 1085 2689 est,
1113 2615 1439 2695 Hyrcaniae
1476 2616 1720 2681 finitima
1747 2635 1894 2696 gens
1928 2617 2188 2680 Amazo-
2206 2616 2291 2678 24

90 2724 243 2766 num
270 2704 422 2767 circa
442 2701 887 2768 Thermodonta
910 2720 1145 2764 amnem
1173 2703 1588 2785 Themiscyrae
1613 2703 1998 2766 incolentium
2029 2723 2188 2768 cam-

91 2811 229 2870 pOS.
291 2789 581 2870 Reginam
614 2787 915 2852 habebant
956 2787 1314 2855 Thalestrim
1353 2791 1627 2854 omnihus
1662 2790 1820 2852 inter
1861 2791 2188 2856 Caucasum
2205 2787 2290 2847 25

93 2885 365 2940 montem
388 2884 447 2938 et
473 2875 693 2938 Phasin
716 2893 950 2940 amnem
974 2874 1432 2955 imperitantem.
1470 2878 1631 2940 Haec
1654 2877 1932 2958 cupidine
1957 2877 2190 2941 visendi

96 2964 255 3044 regis
296 2981 547 3026 accensa
580 2963 801 3027 finibus
836 2962 1007 3042 regni
1037 2962 1131 3024 sui
1170 2965 1425 3026 excessit
1461 2973 1536 3039 et,
1575 2983 1756 3044 quum
1793 2964 1953 3026 haud
1981 2966 2192 3046 procul

98 3051 366 3124 abesset,
409 3049 713 3131 praemisit
757 3049 1120 3124 indicanteS,
1171 3049 1405 3114 venisse
1446 3049 1710 3130 reginam
1755 3052 2012 3114 adeundi
2062 3052 2190 3112 eius

100 3135 620 3217 cognoscendique
646 3135 895 3200 avidam.
940 3135 1220 3198 Protinus
1247 3139 1399 3202 facta
1419 3145 1712 3219 potestate
1730 3139 2007 3201 veniendi
2031 3131 2190 3197 cete-
2205 3135 2292 3199 26

100 3224 183 3284 ris
214 3223 406 3286 iussis
446 3221 771 3284 subsistere
808 3242 913 3284 ccc
946 3222 1296 3288 feminarum
1325 3226 1604 3288 comitatu
1641 3224 1949 3304 processit.
1999 3223 2191 3300 Atque

102 3319 167 3371 ut
189 3309 446 3389 primum
472 3327 577 3370 rex
602 3308 663 3369 in
694 3319 1016 3390 conspectu
1045 3310 1171 3386 su1t
1202 3331 1354 3392 equo
1381 3313 1512 3393 ipsa
1539 3313 1754 3373 desiliit
1780 3313 1928 3374 duas
1953 3309 2188 3368 lanceas

106 3395 309 3458 dextra
334 3397 703 3478 praeferens.
749 3397 942 3458 Vestis
974 3416 1098 3461 non
1125 3410 1250 3461 toto
1277 3400 1642 3462 Amazonum
1669 3413 1916 3477 corpore
1941 3392 2189 3454 obduci·
2207 3391 2291 3454 27

104 3487 219 3556 tur,
248 3500 384 3544 nam
409 3483 570 3552 laeva
596 3502 735 3561 pars
769 3485 845 3546 ad
868 3493 1077 3564 pectus
1106 3495 1200 3546 est
1223 3487 1402 3560 nuda,
1438 3493 1630 3547 cetera
1659 3483 1876 3545 deinde
1903 3479 2189 3541 velantur.

106 3564 229 3630 Nec
261 3577 457 3632 tamen
498 3568 665 3633 sinus
693 3571 891 3647 vestiS,
932 3589 1107 3651 quem
1139 3572 1302 3634 nodo
1339 3573 1638 3650 colligunt,
1675 3571 1826 3631 infra
1861 3583 2048 3662 genua
2083 3568 2194 3629 de·
