2417 3900
300 96 423 157 184
778 94 877 155 DE
925 94 1187 155 GESTIS
1233 88 1662 171 ALEXANDRI
1703 88 1942 149 MAGNI

296 232 409 295 per
436 211 695 281 insidiaS‚
741 211 851 273 sub
890 212 1086 291 specie
1111 212 1323 273 tutelae
1347 210 1596 272 libertim
1635 207 1758 269 eius
1793 206 2070 268 invasisse
2099 224 2313 285 regnum,
2352 208 2353 271 Ξ

295 299 634 377 necatisque
657 297 856 377 pueris
880 298 1056 370 hunc,
1085 298 1182 376 qui
1210 314 1370 357 nunc
1391 304 1616 373 regnat,
1652 311 1982 375 generasse,
2015 290 2240 352 invisum
2263 290 2314 348 vi-

292 384 527 463 lemque
557 383 957 463 popularibuS,
1001 379 1185 463 magis
1210 390 1488 461 paternae
1528 381 1818 453 fortunae,
1865 396 2036 457 quam
2069 394 2197 437 suae
2229 393 2313 435 me·
2352 438 2353 461 ἶ

298 488 551 531 morem.

239 566 281 628 8
428 553 752 615 Affirmatio
795 552 936 613 Pori
980 552 1360 631 multiplicem
1402 550 1597 610 animo
1635 535 1810 629 regis
1837 546 2111 609 iniecerat
2151 562 2313 606 curam.

297 641 542 702 Hostem
585 639 906 717 beluasque
946 638 1284 717 spernebat,
1329 636 1504 696 situm
1542 638 1806 698 locorum
1849 642 1909 695 et
1933 634 2045 695 vim
2073 631 2313 693 fluminum
2352 650 2353 717 j

239 725 748 801 9extimescebat:
791 726 1081 801 relegatos
1120 723 1180 783 in
1225 721 1496 783 ultimum
1531 740 1722 801 paene
1759 738 1958 781 rerum
1997 718 2312 781 humanarum

297 811 576 892 persequi
599 809 914 874 terminum
942 820 998 871 et
1024 826 1228 869 eruere
1251 800 1500 869 ardu'um
1524 806 1849 867 videbatur.
1893 806 2119 867 Rursus
2140 800 2312 863 avaritia

302 896 519 974 gloriae
552 904 609 954 et
635 894 977 959 insatiabilis
1005 894 1220 973 cupido
1260 894 1448 953 famae
1475 892 1614 954 nihil
1643 892 1880 966 invium,
1924 890 2071 952 nihil
2094 887 2312 951 remotum

200 990 281 1050 10
300 980 484 1041 videri
511 980 757 1041 sinebat.
801 980 875 1039 Et
893 980 1186 1041 interdum
1213 978 1532 1051 dubitabat,
1557 996 1631 1039 an
1657 978 2032 1052 Macedones»,
2053 985 2134 1038 tot
2153 970 2314 1035 emensi

303 1067 489 1147 spatia
524 1078 827 1137 terrarum,
858 1066 919 1125 in
948 1065 1069 1125 acie
1098 1075 1155 1124 et
1183 1066 1244 1125 in
1272 1063 1478 1125 castris
1507 1050 1690 1125 senes'
1709 1064 1860 1139 facti,
1889 1082 2001 1144 per
2023 1062 2222 1123 obieeta
2237 1059 2315 1117 flu-

302 1153 480 1227 mina,
524 1171 632 1229 per
662 1158 751 1212 tot
785 1158 1025 1211 naturae
1055 1150 1358 1211 obstantes
1403 1148 1769 1210 difficultates
1808 1148 2116 1229 sequuturi
2149 1150 2316 1205 essent:

302 1238 671 1299 abundantes
700 1245 1063 1315 onustosque
1096 1236 1318 1315 praeda
1362 1234 1545 1313 magis
1573 1238 1738 1316 parta
1776 1234 1889 1295 frui
1915 1235 2063 1295 velle
2091 1249 2232 1313 quam
2251 1245 2316 1287 ac-

202 1333 279 1393 11
303 1324 586 1402 quirenda
618 1322 864 1401 fatigari.
924 1322 1055 1382 Non
1080 1322 1236 1383 idem
1269 1320 1377 1381 sibi
1406 1331 1463 1381 et
1488 1320 1764 1382 militibus
1797 1320 1978 1381 animi
2005 1336 2156 1381 esse:
2193 1321 2316 1375 seto-

300 1412 419 1469 tius
460 1410 620 1469 orbis
659 1408 971 1487 imperium
1012 1417 1204 1470 mente
1245 1407 1628 1485 complexum,
1662 1400 1854 1466 adhuc
1882 1405 1946 1467 in
1972 1420 2200 1485 operum
2225 1416 2315 1459 suo-

301 1514 432 1555 rum
480 1494 801 1575 primordio
856 1502 1010 1554 stare
1028 1542 1042 1566 ‚
1100 1492 1340 1553 militem
1389 1493 1590 1554 labore
1637 1491 2014 1574 defatigatum
2061 1488 2314 1570 proximum

306 1598 599 1660 quemque
638 1581 890 1641 fructum
926 1580 1090 1639 finito
1135 1579 1370 1639 tandem
1409 1578 1668 1657 periculo
1706 1586 2001 1659 eigpetere.

205 1671 300 1733 Μ’
432 1666 576 1725 Vicit
597 1684 735 1742 ergo
763 1664 977 1744 cupido
998 1664 1303 1735 rationem,
1333 1673 1392 1725 et
1409 1664 1480 1723 ad
1504 1663 1848 1723 concionem
1868 1660 2086 1723 vocatis
2107 1655 2314 1720 militibus

307 1750 377 1809 ad
406 1750 565 1809 hunc
590 1750 836 1809 maxime
873 1750 1112 1809 modum
1143 1749 1447 1810 disseruit:
1489 1748 1622 1810 Non
1649 1750 1876 1827 ignom,
1917 1748 2143 1817 militeS,
2175 1740 2314 1803 multa,

307 1852 456 1912 quae
481 1842 702 1895 terrere
730 1853 838 1894 vos
877 1843 1143 1913 possent,
1189 1834 1262 1893 ab
1301 1834 1506 1895 incolis
1543 1835 1742 1895 Indiae
1773 1853 1881 1912 per
1903 1834 2017 1895 hos
2048 1832 2162 1893 dies
2188 1830 2243 1888 de
2261 1824 2314 1882 in-

308 1918 531 1980 dustria
562 1937 691 1982 esse
723 1919 961 1980 iactata:
1010 1920 1116 1980 sed
1154 1938 1275 1980 non
1307 1928 1396 1979 est
1421 1920 1737 1998 improvisa
1771 1919 1942 1980 nobis
1984 1911 2316 1980 mentientium

209 2017 287 2083 13
308 2004 549 2066 vanitas,
614 2005 708 2068 Sic
736 2005 964 2065 Ciliciae
998 2007 1214 2078 fauces,
1265 2003 1351 2065 sic
1377 2005 1828 2084 Mesopotamiae
1867 2023 2126 2085 campOS‚
2166 1995 2316 2075 Tigrim

203 2150 208 2155 .
309 2098 366 2150 et
388 2091 743 2170 Euphraten,
774 2110 1027 2172 quorum
1051 2092 1297 2152 alterum
1319 2093 1468 2150 vado
1496 2091 1888 2164 transivimuS,
1919 2092 2153 2151 alterum
2177 2087 2315 2164 ponte,

208 2188 289 2250 14
306 2177 623 2238 terribilem
660 2178 919 2238 fecerant
942 2177 1180 2238 Persae.
1227 2175 1539 2256 Nunquam
1573 2179 1644 2238 ad
1673 2177 1962 2256 liquidum
1991 2175 2138 2236 sama
2167 2166 2315 2250 perdu-

309 2263 487 2328 citur:
526 2263 719 2323 omnia
739 2263 833 2323 illa
860 2264 1125 2324 tradente
1153 2262 1372 2323 maiora
1401 2272 1539 2323 sunt
1563 2281 1721 2323 vem.
1768 2257 1983 2324 Nostra
2005 2275 2216 2341 quoque
2239 2251 2317 2330 310-

305 2349 411 2422 ria,
443 2367 621 2430 quum
650 2349 725 2410 sit
750 2368 821 2408 ex
848 2349 1058 2422 solido,
1100 2349 1458 2426 plus‘tamen
1487 2347 1664 2409 habet
1690 2348 1944 2410 nominis
1975 2365 2144 2430 quam
2167 2335 2318 2420 operis·

210 2443 290 2504 15
310 2433 489 2493 Modo
532 2435 661 2513 quis
694 2435 900 2496 beluas
934 2437 1246 2496 offerentes
1271 2435 1568 2496 moenium
1603 2434 1876 2512 speciem,
1925 2433 2054 2514 quis
2079 2429 2318 2508 Hydaspen

310 2538 559 2591 amnem,
608 2519 737 2597 quis
772 2528 962 2581 cetera
1000 2519 1200 2581 auditu
1233 2521 1454 2580 maiora
1489 2513 1658 2598 quam
1698 2538 1834 2581 vero
1877 2519 2163 2580 sustinere
2199 2519 2318 2590 posse

312 2601 633 2664 credebat?
708 2605 859 2665 Olim
913 2605 1150 2665 hercule
1194 2605 1548 2683 fugissemus
1591 2625 1662 2666 ex
1703 2605 1856 2677 Asia,
1909 2604 1961 2664 si
2007 2622 2116 2664 nos
2157 2594 2318 2659 fabulae

210 2695 292 2757 16
313 2689 605 2751 debellare
633 2689 983 2766 potuissent.
1052 2689 1377 2752 Creditisne
1417 2691 1862 2770 elephantorum
1903 2707 2109 2768 greges
2133 2682 2318 2768 maiores

313 2793 463 2847 esse,
513 2791 687 2853 quam
714 2793 964 2855 usquam
993 2784 1392 2836 armentorum
1433 2785 1594 2851 sunt,
1639 2795 1818 2855 quum
1849 2783 1906 2836 et
1938 2792 2130 2836 rarum
2159 2770 2218 2830 sit
2236 2779 2320 2850 ant-

213 2864 293 2927 17
311 2861 445 2932 mal,
494 2877 605 2918 nec
634 2861 798 2921 facile
829 2861 1104 2940 capiatur,
1152 2863 1452 2941 multoque
1490 2861 1781 2922 difficilius
1811 2854 2146 2938 mitigetur?
2201 2852 2320 2922 Atqffl

314 2945 521 3006 eadem
548 2945 769 3007 vanitas
794 2947 993 3025 copias
1018 2947 1280 3025 peditum
1309 2949 1685 3027 equitumque
1713 2946 2056 3011 numeravit.
2103 2943 2228 3004 Nam
2253 2935 2320 3024 fil}-

311 3049 470 3105 men,
492 3048 608 3110 quo
632 3031 800 3093 latius
820 3034 1012 3094 fusum
1034 3041 1139 3106 est,
1165 3032 1278 3093 hoc
1302 3033 1584 3112 placidius
1607 3043 1860 3112 stagnat:
1891 3023 2104 3111 quippe
2120 3025 2320 3113 angus-⁰5

308 3115 455 3206 ripis
480 3117 729 3177 coercita
760 3127 816 3178 et
848 3117 904 3178 in
936 3118 1328 3195 angustiorem
1357 3120 1580 3180 alveum
1611 3119 1750 3180 elisa
1771 3127 2249 3192 torrentesaquas
2267 3119 2319 3198 3¹1·

214 3202 293 3264 18
310 3204 561 3275 vehunt;
590 3211 791 3263 contra
820 3205 1007 3282 spatio
1032 3203 1177 3262 alvei
1200 3205 1435 3280 segnior
1461 3225 1668 3266 cursus
1694 3215 1804 3266 est.
1851 3205 2150 3266 Praeterea
2173 3197 2224 3255 in
2243 3200 2319 3262 rlp³

206 3307 211 3310 ·
314 3307 488 3350 omne
509 3289 830 3366 periculum
854 3297 960 3360 est,
995 3287 1092 3346 ubi
1116 3289 1472 3366 applicantes
1494 3291 1718 3370 navigia
1738 3291 1924 3352 hostis
1944 3287 2238 3366 exspectat.
2271 3271 2322 3330 1²²

315 3383 829 3454 quantumcunque
856 3374 1073 3434 flumen
1101 3373 1431 3448 intervenit,
1476 3375 1632 3437 idem
1671 3379 1927 3438 futurum
1955 3370 2247 3433 discrimen
2269 3359 2323 3416 ‘²⁵²

315 3459 681 3522 evadentium
706 3461 767 3520 in
791 3468 1025 3520 terram.

214 3534 295 3596 19
444 3543 563 3606 Sed
588 3547 785 3608 omnia
810 3546 918 3605 ista
948 3561 1078 3604 vera
1103 3561 1233 3604 esse
1259 3543 1576 3620 fingamus:
1620 3553 1893 3606 utrumne
1921 3560 2024 3602 vos
2043 3523 2322 3614 magnitudo
