2417 3900
244 74 373 149 218
728 71 830 133 DE
876 69 1143 133 cns'rts
1187 68 1622 131 nemmem
1663 69 1904 131 mem

240 191 511 275 supplicii
532 189 769 256 territus
788 209 921 253 cum
942 188 1069 253 suis
1090 194 1438 253 secesserat.
1482 190 1710 252 Rursus
1733 190 2080 271 Philippum
2101 192 2338 255 trahens

241 297 445 341 secum
462 277 673 357 irrupit
690 278 755 341 in
770 278 1013 357 regiam,
1039 274 1342 338 clamitans
1367 274 1676 354 suffragari
1699 275 2064 358 reipublicae
2091 278 2172 337 de
2193 298 2340 339 novo
2400 304 2401 317 κ

240 383 381 443 rege
418 364 615 443 paullo
655 372 791 426 ante
832 370 1149 443 concepto:
1192 360 1378 425 robur
1413 362 1626 427 aetatis
1671 363 2118 443 experirentur3
2168 367 2340 435 inodo
2400 392 2401 397 1

238 450 484 531 stirpem
518 450 792 531 Philippi,
841 459 899 513 et
933 450 1115 514 filium
1152 466 1224 514 ac
1259 448 1744 529 fratremregum
1771 450 2061 525 duorum,
2107 449 2344 513 sibimet

140 541 219 603 ll
238 538 384 617 ipsis
418 536 791 617 potissimum
830 536 1161 598 crederent.
1225 533 1458 598 Nullum
1489 535 1855 614 profundum
1891 554 2076 610 mare,
2117 538 2343 601 nullum

100 620 108 627 “
238 633 465 687 vastum
495 625 709 687 fretum
738 632 795 683 et
820 622 1220 703 procellosum
1243 628 1446 686 tantos
1466 620 1578 685 etet
1599 622 1832 697 fluetus,
1861 630 2124 702 quantos
2149 625 2344 688 multi·

126 695 131 709 '
237 709 383 771 tudo
425 718 623 773 motus
668 709 860 782 habet,
901 709 1105 788 utique
1152 706 1203 771 si
1243 724 1398 769 nova
1443 716 1504 769 et
1537 708 1704 769 brevi
1748 709 2026 775 duratura
2069 708 2344 773 libertate

138 798 217 863 12
236 796 509 860 luxuriat.
566 796 745 859 Pauci
776 796 1091 859 Perdiccae
1127 792 1310 855 modo
1349 792 1558 869 electo,
1594 795 1796 875 plures
1824 795 2130 875 Philippo,
2169 816 2342 875 quem

236 890 603 963 spreverant,
628 882 941 960 imperium
967 880 1207 945 dabant.
1249 878 1375 941 Nec
1396 880 1544 943 velle
1567 900 1680 943 nec
1699 882 1858 943 nolle
1887 882 2218 962 quidquam
2251 885 2344 945 diu

237 976 529 1047 poterant,
549 967 1009 1047 paenitebatque
1026 964 1207 1030 modo
1229 964 1480 1042 consilii,
1499 967 1676 1030 modo
1704 968 2112 1046 poenitentiae
2133 970 2342 1049 ipsiuS.

137 1053 217 1115 13
236 1053 327 1114 Ad
350 1052 618 1115 ultimum
641 1053 915 1117 tamenin
937 1053 1182 1132 stirpem
1209 1051 1432 1131 regiam
1455 1052 1810 1118 inclinavere
1843 1054 2077 1117 studiiS.
2132 1056 2340 1117 Cesse-

235 1148 326 1199 rat
352 1158 421 1199 ex
452 1138 739 1201 concione
757 1138 1113 1204 Arrhidaeus
1138 1136 1476 1219 principum
1504 1139 1849 1201 auctoritate
1873 1142 2250 1217 conterrituS,
2281 1153 2342 1205 et

236 1226 491 1287 abeunte
530 1226 632 1289 illo
672 1226 1033 1289 conticuerat
1070 1224 1258 1305 magis
1293 1242 1468 1307 quam
1506 1226 1812 1307 languerat
1843 1226 2116 1292 militaris
2153 1230 2332 1291 favor.

234 1312 441 1392 Itaque
466 1322 777 1375 revocatus
809 1320 1032 1375 vestem
1072 1310 1266 1373 fratris
1295 1328 1424 1373 eam
1449 1312 1660 1392 ipsam,
1696 1332 1846 1393 quae
1875 1312 1938 1376 in
1965 1314 2115 1375 sella
2149 1314 2338 1399 posita

136 1406 217 1469 14
236 1398 445 1472 fuerat,
488 1398 768 1461 induitur.
829 1398 903 1459 Et
928 1398 1222 1479 Meleager
1244 1396 1487 1462 thorace
1513 1407 1750 1479 sumpto
1779 1399 1933 1481 capit
1969 1419 2160 1475 arma,
2207 1403 2336 1463 novi

233 1484 391 1563 regis
420 1486 675 1548 satelleS.
734 1486 1015 1565 Sequitur
1037 1484 1317 1566 phalanx,
1343 1484 1530 1548 hastis
1561 1485 1779 1565 clipeos
1811 1487 2104 1569 quatiens,
2143 1491 2339 1569 exple-

231 1578 363 1633 tura
402 1590 467 1632 se
502 1570 792 1652 sanguine
828 1572 1081 1649 illorum,
1126 1570 1228 1651 qui
1264 1571 1679 1637 affectaverant
1707 1570 1853 1633 nihil
1887 1574 1960 1634 ad
1995 1574 2170 1655 ipsos
2211 1595 2342 1657 per-

135 1662 213 1723 15
230 1657 431 1719 tinens
452 1676 724 1737 regnum.
769 1658 839 1720 In
868 1658 1073 1721 eadem
1103 1657 1282 1718 domo
1310 1656 1643 1739 familiaque
1665 1656 1896 1739 imperii
1921 1658 2076 1721 vires
2102 1680 2344 1724 reman-

234 1762 405 1805 suras
448 1762 579 1805 esse
619 1744 983 1825 gaudebant3
1024 1742 1445 1807 hereditarium
1483 1743 1795 1825 imperium
1827 1744 2076 1825 stirpem
2119 1750 2342 1827 regiam

232 1828 695 1905 vindicaturam3
739 1838 1012 1893 assuetos
1046 1848 1179 1891 esse
1215 1847 1434 1891 nomen
1469 1829 1666 1913 ipsum
1705 1832 1896 1894 colere
1937 1836 2343 1915 venerarique,

142 1926 147 1934 ’
232 1932 346 1976 nec
376 1932 735 1994 quemquam
766 1914 827 1976 id
855 1932 1084 1996 capere,
1110 1912 1224 1978 nisi
1254 1914 1517 1996 genitum
1537 1924 1601 1980 ut
1623 1924 1918 1998 regnaret.

132 2004 215 2077 16
360 1999 545 2078 Igitur
575 1998 858 2068 Perdicca
890 1999 1131 2067 territus
1168 2001 1468 2078 conclave,
1507 2003 1570 2066 in
1605 2024 1722 2085 quo
1764 2002 2080 2068 Alexandri
2123 2023 2344 2086 corpus

228 2085 479 2163 iacebat,
511 2087 783 2150 obserari
798 2087 983 2151 iubet.
1030 2087 1306 2152 Sexcenti
1333 2107 1464 2150 cum
1487 2089 1620 2170 ipso
1641 2099 1810 2156 erant
1829 2097 2135 2172 spectatae
2159 2093 2342 2154 virtu-

226 2171 334 2248 tis,
372 2171 744 2236 Ptolemaeus
800 2195 1038 2256 quoque
1080 2193 1145 2238 se
1188 2175 1536 2238 adiunxerat
1583 2178 1635 2239 ei
1680 2193 2129 2259 puerorumque
2175 2179 2340 2260 regia

130 2263 216 2326 1⁷
231 2255 468 2324 cohors.
528 2262 798 2326 Ceterum
821 2261 982 2324 haud
1010 2259 1378 2324 difficulter-a
1403 2269 1494 2324 tot
1518 2260 1762 2332 milibus„
1782 2271 2154 2326 armatorum
2186 2267 2338 2328 clau-

146 2414 156 2420 ,
231 2355 351 2408 stra
388 2349 685 2430 perfracta
714 2354 871 2412 sunt.
925 2349 1000 2411 Et
1022 2367 1121 2410 rex
1138 2367 1392 2430 ‚quoque
1417 2349 1714 2429 irruperat
1736 2349 1986 2432 stipatus
2016 2352 2336 2414 satellitum

129 2433 211 2496 18
228 2433 423 2508 turba,
464 2453 716 2514 quorum
748 2435 1027 2518 princeps
1052 2435 1363 2516 Meleager.
1419 2433 1726 2518 iratusque
1753 2437 2040 2500 Perdicca
2063 2437 2206 2512 hos,
2243 2437 2330 2519 qui

228 2519 544 2582 Alexandri
588 2540 808 2604 corpus
851 2522 1003 2585 tueri
1046 2521 1314 2596 vellent,
1343 2532 1610 2597 sevocat,
1674 2522 1782 2585 sed
1829 2523 1930 2604 qui
1975 2525 2330 2605 irruperant,

151 2665 157 2672 ,
231 2603 461 2666 eminus
487 2607 598 2668 tela
622 2608 683 2670 in
710 2607 908 2690 ipsum
936 2607 1246 2670 iaciebant.
1291 2605 1606 2689 Multisque
1629 2610 1948 2671 vulneratis
1967 2611 2217 2672 tandem
2245 2631 2334 2672 se-

228 2689 430 2752 niores
471 2691 725 2773 demptis
760 2695 956 2774 galeis,
1003 2713 1120 2774 quo
1156 2693 1380 2756 facilius
1417 2696 1586 2757 nosci
1619 2706 1884 2775 possent,
1932 2697 2187 2776 precari,
2238 2697 2334 2776 qui

232 2793 366 2838 eum
392 2777 670 2841 Perdicca
712 2790 895 2855 erant,
943 2798 1211 2862 coepere,
1260 2790 1324 2844 ut
1369 2779 1722 2845 absisterent
1768 2781 1944 2856 hello,
1987 2785 2232 2864 regique
2275 2791 2338 2844 et

128 2867 212 2939 19
228 2859 497 2946 pluribus
534 2866 829 2929 cederent.
887 2867 1121 2930 Primus
1158 2865 1436 2929 Perdicca
1478 2886 1639 2929 arma
1681 2867 1988 2949 deposuit,
2033 2867 2338 2948 ceterique

228 2947 387 3009 idem
411 2950 623 3012 fecere.
669 2953 960 3033 Meleagro
990 2953 1205 3027 deinde
1233 2953 1540 3032 suadente,
1568 2973 1643 3015 ne
1673 2973 1706 3016 a
1731 2973 1986 3038 corpore
2016 2957 2338 3018 Alexandri

231 3034 625 3112 discederent,
661 3037 889 3100 insidiis
924 3041 1123 3103 locum
1155 3042 1358 3120 quaeri
1391 3041 1505 3103 rati
1543 3041 1773 3103 diversa
1806 3043 2004 3121 regiae
2052 3055 2226 3124 parte
2263 3043 2330 3104 ad

124 3119 211 3189 2⁰
228 3123 570 3203 Euphraten
618 3125 817 3202 simam
858 3125 1192 3192 intendunt.
1277 3127 1590 3208 limitatus
1603 3175 1620 3200 ,
1671 3129 1773 3208 qui
1819 3145 1890 3194 ex
1939 3130 2331 3194 nobilissimis

226 3208 505 3275 iuvenum
548 3210 889 3288 constabat,
920 3213 1268 3276 Perdiccam
1299 3222 1364 3278 et
1391 3216 1764 3279 Leonnatum
1793 3215 2095 3296 frequens.
2113 3235 2332 3296 aeque·

124 3289 208 3353 21
227 3293 431 3371 batur,
467 3296 855 3378 placebatque
886 3299 1173 3362 excedens
1207 3299 1358 3362 urhe
1397 3311 1456 3366 ct
1492 3301 1747 3365 tendere
1773 3296 1852 3366 in,
1881 3303 2140 3382 cauma.
2208 3299 2336 3366 Sed

224 3378 507 3444 Perdicca
528 3403 607 3448 ne
644 3383 877 3466 pedites
900 3385 1143 3464 quidem
1176 3394 1550 3466 sequuturos.
1567 3387 2242 3468 ipsumdespenhntai

224 3483 345 3542 que
370 3485 447 3617 tlt?
468 3469 819 3536 abducendo
844 3470 1070 3553 eqm‘tes
1094 3473 1406 3554 abrupisse
1433 3491 1478 3536 a.
1493 3480 1692 3540 cetero
1719 3473 1980 3538 exe-<in
2003 3475 2367 3553 rime

113 3562 127 3588 ·'
222 3550 289 3612 in
316 3571 385 3617 ur
430 3573 462 3616 e
484 3557 762 3624 substitit.
1030 3609 1033 3612 .
1162 3614 1171 3622 .
1297 3615 1304 3622 .
1882 3617 1890 3624 .
2003 3607 2010 3615 -
2357 3552 2367 3573 ²

2357 3737 2383 3872 ι’
