<?xml version="1.0" encoding="UTF-8"?>
<!DOCTYPE html PUBLIC "-//W3C//DTD XHTML 1.0 Transitional//EN"
    "http://www.w3.org/TR/xhtml1/DTD/xhtml1-transitional.dtd">
<html xmlns="http://www.w3.org/1999/xhtml" xml:lang="en" lang="en">
 <head>
  <title>
</title>
<meta http-equiv="Content-Type" content="text/html;charset=utf-8" />
  <meta name='ocr-system' content='tesseract 3.04.00' />
  <meta name='ocr-capabilities' content='ocr_page ocr_carea ocr_par ocr_line ocrx_word'/>
</head>
<body>
  <div class='ocr_page' id='page_1' title='image "./qcurtiirufidege00kochgoog_0209.png"; bbox 0 0 2417 3900; ppageno 0'>
   <div class='ocr_carea' id='block_1_1' title="bbox 282 106 1916 177">
    <p class='ocr_par' dir='ltr' id='par_1_1' title="bbox 282 106 1916 177">
     <span class='ocr_line' id='line_1_1' title="bbox 282 106 1916 177; baseline -0.006 0"><span class='ocrx_word' id='word_1_1' title='bbox 282 111 411 177; x_wconf 76' lang='lat'><strong>2⁰2</strong></span> <span class='ocrx_word' id='word_1_2' title='bbox 750 110 849 173; x_wconf 83' lang='grc' dir='ltr'><strong>ΠΕ</strong></span> <span class='ocrx_word' id='word_1_3' title='bbox 892 108 1156 171; x_wconf 82' lang='lat' dir='ltr'>GESTIS</span> <span class='ocrx_word' id='word_1_4' title='bbox 1198 106 1630 171; x_wconf 85' lang='lat' dir='ltr'><strong>ALEXANDRI</strong></span> <span class='ocrx_word' id='word_1_5' title='bbox 1671 106 1916 171; x_wconf 79' lang='lat' dir='ltr'>MAGNI</span> 
     </span>
    </p>
   </div>
   <div class='ocr_carea' id='block_1_2' title="bbox 102 224 2412 3476">
    <p class='ocr_par' dir='ltr' id='par_1_2' title="bbox 181 224 2372 566">
     <span class='ocr_line' id='line_1_2' title="bbox 280 224 2372 309; baseline -0.004 -14"><span class='ocrx_word' id='word_1_6' title='bbox 280 235 517 303; x_wconf 77' lang='lat' dir='ltr'>bantur,</span> <span class='ocrx_word' id='word_1_7' title='bbox 540 230 741 291; x_wconf 75' lang='lat' dir='ltr'><strong>videre</strong></span> <span class='ocrx_word' id='word_1_8' title='bbox 760 229 925 309; x_wconf 86' lang='lat' dir='ltr'><strong>ipsos</strong></span> <span class='ocrx_word' id='word_1_9' title='bbox 948 228 1283 301; x_wconf 82' lang='lat' dir='ltr'><strong>credebant,</strong></span> <span class='ocrx_word' id='word_1_10' title='bbox 1307 227 1372 289; x_wconf 89' lang='lat' dir='ltr'><strong>in</strong></span> <span class='ocrx_word' id='word_1_11' title='bbox 1393 227 1552 291; x_wconf 83' lang='lat' dir='ltr'><strong>sicco</strong></span> <span class='ocrx_word' id='word_1_12' title='bbox 1571 227 1890 308; x_wconf 79' lang='lat' dir='ltr'><strong>naufragia,</strong></span> <span class='ocrx_word' id='word_1_13' title='bbox 1913 225 1978 288; x_wconf 88' lang='lat' dir='ltr'><strong>in</strong></span> <span class='ocrx_word' id='word_1_14' title='bbox 2001 224 2164 288; x_wconf 84' lang='lat' dir='ltr'><strong>amni</strong></span> <span class='ocrx_word' id='word_1_15' title='bbox 2189 243 2372 287; x_wconf 87' lang='lat' dir='ltr'><strong>mare.</strong></span> 
     </span>
     <span class='ocr_line' id='line_1_3' title="bbox 181 310 2371 394; baseline -0.004 -13"><span class='ocrx_word' id='word_1_16' title='bbox 181 328 263 391; x_wconf 89' lang='grc'><strong>22</strong></span> <span class='ocrx_word' id='word_1_17' title='bbox 282 320 407 381; x_wconf 84' lang='lat' dir='ltr'><strong>Nec</strong></span> <span class='ocrx_word' id='word_1_18' title='bbox 426 316 561 377; x_wconf 84' lang='lat' dir='ltr'><strong>finis</strong></span> <span class='ocrx_word' id='word_1_19' title='bbox 590 316 899 377; x_wconf 86' lang='lat' dir='ltr'><strong>malorum.</strong></span> <span class='ocrx_word' id='word_1_20' title='bbox 946 313 1181 394; x_wconf 78' lang='lat' dir='ltr'><strong>Quippe</strong></span> <span class='ocrx_word' id='word_1_21' title='bbox 1204 320 1434 392; x_wconf 77' lang='lat' dir='ltr'><strong>aestum</strong></span> <span class='ocrx_word' id='word_1_22' title='bbox 1455 310 1652 391; x_wconf 78' lang='lat' dir='ltr'><strong>paullo</strong></span> <span class='ocrx_word' id='word_1_23' title='bbox 1678 319 1814 389; x_wconf 86' lang='lat' dir='ltr'><strong>post</strong></span> <span class='ocrx_word' id='word_1_24' title='bbox 1835 328 2000 374; x_wconf 82' lang='lat' dir='ltr'><strong>mare</strong></span> <span class='ocrx_word' id='word_1_25' title='bbox 2024 311 2371 384; x_wconf 85' lang='lat' dir='ltr'><strong>relaturum,</strong></span> 
     </span>
     <span class='ocr_line' id='line_1_4' title="bbox 259 396 2372 485; baseline -0.004 -21"><span class='ocrx_word' id='word_1_26' title='bbox 259 423 401 485; x_wconf 81' lang='lat' dir='ltr'><strong>¹quo</strong></span> <span class='ocrx_word' id='word_1_27' title='bbox 426 402 655 479; x_wconf 73' lang='lat' dir='ltr'><strong>navigia</strong></span> <span class='ocrx_word' id='word_1_28' title='bbox 680 402 1083 473; x_wconf 68' lang='lat' dir='ltr'>allevarentur,</span> <span class='ocrx_word' id='word_1_29' title='bbox 1112 399 1320 477; x_wconf 86' lang='lat' dir='ltr'><strong>ignari,</strong></span> <span class='ocrx_word' id='word_1_30' title='bbox 1341 399 1554 461; x_wconf 75' lang='lat' dir='ltr'><strong>famem</strong></span> <span class='ocrx_word' id='word_1_31' title='bbox 1577 404 1636 458; x_wconf 84' lang='lat' dir='ltr'><strong>et</strong></span> <span class='ocrx_word' id='word_1_32' title='bbox 1659 396 1860 462; x_wconf 83' lang='lat' dir='ltr'><strong>ultima</strong></span> <span class='ocrx_word' id='word_1_33' title='bbox 1881 396 2118 463; x_wconf 86' lang='lat' dir='ltr'><strong>sibimet</strong></span> <span class='ocrx_word' id='word_1_34' title='bbox 2139 397 2372 457; x_wconf 75' lang='lat' dir='ltr'><strong>onuna-</strong></span> 
     </span>
     <span class='ocr_line' id='line_1_5' title="bbox 281 483 2372 566; baseline -0.003 -14"><span class='ocrx_word' id='word_1_35' title='bbox 281 492 514 553; x_wconf 84' lang='lat' dir='ltr'><strong>bantur.</strong></span> <span class='ocrx_word' id='word_1_36' title='bbox 554 488 773 549; x_wconf 76' lang='lat' dir='ltr'><strong>Beluae</strong></span> <span class='ocrx_word' id='word_1_37' title='bbox 796 504 1029 566; x_wconf 81' lang='lat' dir='ltr'><strong>quoque</strong></span> <span class='ocrx_word' id='word_1_38' title='bbox 1046 484 1320 547; x_wconf 84' lang='lat' dir='ltr'><strong>fluctibus</strong></span> <span class='ocrx_word' id='word_1_39' title='bbox 1345 484 1660 548; x_wconf 77' lang='lat' dir='ltr'><strong>destitutae</strong></span> <span class='ocrx_word' id='word_1_40' title='bbox 1673 483 1968 548; x_wconf 73' lang='lat' dir='ltr'>terribiles</span> <span class='ocrx_word' id='word_1_41' title='bbox 1987 483 2372 561; x_wconf 79' lang='lat' dir='ltr'><strong>vagabantur.</strong></span> 
     </span>
    </p>

    <p class='ocr_par' dir='ltr' id='par_1_3' title="bbox 180 568 2374 906">
     <span class='ocr_line' id='line_1_6' title="bbox 180 568 2372 651; baseline -0.003 -16"><span class='ocrx_word' id='word_1_42' title='bbox 180 585 264 648; x_wconf 80' lang='lat'><strong>23</strong></span> <span class='ocrx_word' id='word_1_43' title='bbox 296 598 303 605; x_wconf 92' lang='lat'><strong>·</strong></span> <span class='ocrx_word' id='word_1_44' title='bbox 406 574 648 651; x_wconf 87' lang='lat' dir='ltr'><strong>lamque</strong></span> <span class='ocrx_word' id='word_1_45' title='bbox 692 592 813 634; x_wconf 84' lang='lat' dir='ltr'><strong>nox</strong></span> <span class='ocrx_word' id='word_1_46' title='bbox 852 572 1167 651; x_wconf 82' lang='lat' dir='ltr'><strong>appetebat</strong></span> <span class='ocrx_word' id='word_1_47' title='bbox 1210 579 1270 631; x_wconf 88' lang='lat' dir='ltr'><strong>et</strong></span> <span class='ocrx_word' id='word_1_48' title='bbox 1303 588 1508 648; x_wconf 84' lang='lat' dir='ltr'><strong>regem</strong></span> <span class='ocrx_word' id='word_1_49' title='bbox 1531 586 1766 647; x_wconf 81' lang='lat' dir='ltr'><strong>quoque</strong></span> <span class='ocrx_word' id='word_1_50' title='bbox 1796 568 2133 648; x_wconf 76' lang='lat' dir='ltr'><strong>desperatio</strong></span> <span class='ocrx_word' id='word_1_51' title='bbox 2165 570 2372 633; x_wconf 79' lang='lat' dir='ltr'><strong>salutis</strong></span> 
     </span>
     <span class='ocr_line' id='line_1_7' title="bbox 278 654 2374 739; baseline -0.003 -16"><span class='ocrx_word' id='word_1_52' title='bbox 278 660 647 739; x_wconf 71' lang='lat' dir='ltr'><strong>aegritudine</strong></span> <span class='ocrx_word' id='word_1_53' title='bbox 682 660 973 720; x_wconf 81' lang='lat' dir='ltr'><strong>affecerat.</strong></span> <span class='ocrx_word' id='word_1_54' title='bbox 1038 658 1173 719; x_wconf 83' lang='lat' dir='ltr'><strong>Non</strong></span> <span class='ocrx_word' id='word_1_55' title='bbox 1205 666 1402 718; x_wconf 86' lang='lat' dir='ltr'><strong>tamen</strong></span> <span class='ocrx_word' id='word_1_56' title='bbox 1445 654 1726 719; x_wconf 84' lang='lat' dir='ltr'><strong>invictum</strong></span> <span class='ocrx_word' id='word_1_57' title='bbox 1757 654 2016 721; x_wconf 79' lang='lat' dir='ltr'><strong>animum</strong></span> <span class='ocrx_word' id='word_1_58' title='bbox 2043 672 2230 717; x_wconf 84' lang='lat' dir='ltr'><strong>curae</strong></span> <span class='ocrx_word' id='word_1_59' title='bbox 2267 657 2374 717; x_wconf 86' lang='lat' dir='ltr'><strong>ob-</strong></span> 
     </span>
     <span class='ocr_line' id='line_1_8' title="bbox 278 740 2372 824; baseline -0.003 -17"><span class='ocrx_word' id='word_1_60' title='bbox 278 755 477 819; x_wconf 79' lang='lat' dir='ltr'><strong>ruunt,</strong></span> <span class='ocrx_word' id='word_1_61' title='bbox 518 744 658 824; x_wconf 83' lang='lat' dir='ltr'><strong>quin</strong></span> <span class='ocrx_word' id='word_1_62' title='bbox 692 753 811 805; x_wconf 85' lang='lat' dir='ltr'><strong>tota</strong></span> <span class='ocrx_word' id='word_1_63' title='bbox 846 753 1021 804; x_wconf 89' lang='lat' dir='ltr'><strong>nocte</strong></span> <span class='ocrx_word' id='word_1_64' title='bbox 1054 742 1384 822; x_wconf 84' lang='lat' dir='ltr'><strong>persideret</strong></span> <span class='ocrx_word' id='word_1_65' title='bbox 1417 740 1479 803; x_wconf 87' lang='lat' dir='ltr'><strong>in</strong></span> <span class='ocrx_word' id='word_1_66' title='bbox 1512 741 1774 820; x_wconf 78' lang='lat' dir='ltr'><strong>speculis</strong></span> <span class='ocrx_word' id='word_1_67' title='bbox 1810 741 2158 819; x_wconf 69' lang='lat' dir='ltr'><strong>equitesque</strong></span> <span class='ocrx_word' id='word_1_68' title='bbox 2199 760 2372 820; x_wconf 79' lang='lat' dir='ltr'><strong>prae-</strong></span> 
     </span>
     <span class='ocr_line' id='line_1_9' title="bbox 280 829 2372 906; baseline -0.001 -14"><span class='ocrx_word' id='word_1_69' title='bbox 280 832 539 892; x_wconf 86' lang='lat' dir='ltr'><strong>mitteret</strong></span> <span class='ocrx_word' id='word_1_70' title='bbox 563 831 639 889; x_wconf 89' lang='lat' dir='ltr'><strong>ad</strong></span> <span class='ocrx_word' id='word_1_71' title='bbox 664 849 732 890; x_wconf 81' lang='lat' dir='ltr'><strong>os</strong></span> <span class='ocrx_word' id='word_1_72' title='bbox 760 830 967 903; x_wconf 77' lang='lat' dir='ltr'><strong>amniS,</strong></span> <span class='ocrx_word' id='word_1_73' title='bbox 1012 836 1093 903; x_wconf 88' lang='lat' dir='ltr'><strong>ut,</strong></span> <span class='ocrx_word' id='word_1_74' title='bbox 1137 846 1320 906; x_wconf 86' lang='lat' dir='ltr'><strong>quum</strong></span> <span class='ocrx_word' id='word_1_75' title='bbox 1343 844 1506 890; x_wconf 79' lang='lat' dir='ltr'><strong>mare</strong></span> <span class='ocrx_word' id='word_1_76' title='bbox 1535 845 1744 891; x_wconf 77' lang='lat' dir='ltr'><strong>rursus</strong></span> <span class='ocrx_word' id='word_1_77' title='bbox 1773 833 2114 891; x_wconf 71' lang='lat' dir='ltr'><strong>exaestuare</strong></span> <span class='ocrx_word' id='word_1_78' title='bbox 2143 829 2372 891; x_wconf 76' lang='lat' dir='ltr'><strong>sensis-</strong></span> 
     </span>
    </p>

    <p class='ocr_par' dir='ltr' id='par_1_4' title="bbox 102 912 2372 1078">
     <span class='ocr_line' id='line_1_10' title="bbox 102 912 2369 994; baseline -0.003 -12"><span class='ocrx_word' id='word_1_79' title='bbox 102 982 109 987; x_wconf 84' lang='grc'><strong>,</strong></span> <span class='ocrx_word' id='word_1_80' title='bbox 179 921 263 981; x_wconf 79' lang='lat'><strong>24</strong></span> <span class='ocrx_word' id='word_1_81' title='bbox 281 923 446 985; x_wconf 87' lang='lat' dir='ltr'><strong>sent,</strong></span> <span class='ocrx_word' id='word_1_82' title='bbox 498 915 941 994; x_wconf 78' lang='lat' dir='ltr'><strong>praecederent.</strong></span> <span class='ocrx_word' id='word_1_83' title='bbox 1004 914 1242 991; x_wconf 80' lang='lat' dir='ltr'><strong>Navigia</strong></span> <span class='ocrx_word' id='word_1_84' title='bbox 1271 926 1516 992; x_wconf 66' lang='lat' dir='ltr'><strong>‘queque</strong></span> <span class='ocrx_word' id='word_1_85' title='bbox 1561 912 1816 977; x_wconf 71' lang='lat' dir='ltr'><strong>lacerata</strong></span> <span class='ocrx_word' id='word_1_86' title='bbox 1855 912 2016 979; x_wconf 72' lang='lat' dir='ltr'><strong>refici</strong></span> <span class='ocrx_word' id='word_1_87' title='bbox 2057 920 2118 972; x_wconf 89' lang='lat' dir='ltr'><strong>et</strong></span> <span class='ocrx_word' id='word_1_88' title='bbox 2163 930 2369 975; x_wconf 80' lang='lat' dir='ltr'><strong>eversa</strong></span> 
     </span>
     <span class='ocr_line' id='line_1_11' title="bbox 276 996 2372 1078; baseline 0 -17"><span class='ocrx_word' id='word_1_89' title='bbox 276 1001 556 1061; x_wconf 81' lang='lat' dir='ltr'><strong>fluctibus</strong></span> <span class='ocrx_word' id='word_1_90' title='bbox 584 999 729 1077; x_wconf 83' lang='lat' dir='ltr'><strong>erigi</strong></span> <span class='ocrx_word' id='word_1_91' title='bbox 758 999 936 1071; x_wconf 88' lang='lat' dir='ltr'><strong>iubet,</strong></span> <span class='ocrx_word' id='word_1_92' title='bbox 983 996 1340 1078; x_wconf 75' lang='lat' dir='ltr'><strong>paratosque</strong></span> <span class='ocrx_word' id='word_1_93' title='bbox 1375 1016 1508 1061; x_wconf 84' lang='lat' dir='ltr'><strong>esse</strong></span> <span class='ocrx_word' id='word_1_94' title='bbox 1533 1008 1592 1059; x_wconf 87' lang='lat' dir='ltr'><strong>et</strong></span> <span class='ocrx_word' id='word_1_95' title='bbox 1615 997 1894 1073; x_wconf 84' lang='lat' dir='ltr'><strong>intentos,</strong></span> <span class='ocrx_word' id='word_1_96' title='bbox 1945 1016 2122 1078; x_wconf 85' lang='lat' dir='ltr'><strong>quum</strong></span> <span class='ocrx_word' id='word_1_97' title='bbox 2159 1017 2372 1061; x_wconf 85' lang='lat' dir='ltr'><strong>rursus</strong></span> 
     </span>
    </p>

    <p class='ocr_par' dir='ltr' id='par_1_5' title="bbox 179 1084 2378 1424">
     <span class='ocr_line' id='line_1_12' title="bbox 179 1084 2376 1161; baseline -0.001 -13"><span class='ocrx_word' id='word_1_98' title='bbox 179 1090 263 1152; x_wconf 79' lang='lat'><strong>25</strong></span> <span class='ocrx_word' id='word_1_99' title='bbox 282 1104 445 1148; x_wconf 73' lang='lat' dir='ltr'><strong>mere</strong></span> <span class='ocrx_word' id='word_1_100' title='bbox 472 1095 657 1147; x_wconf 67' lang='lat' dir='ltr'><strong>terras</strong></span> <span class='ocrx_word' id='word_1_101' title='bbox 688 1086 1055 1146; x_wconf 86' lang='lat' dir='ltr'><strong>inundasset.</strong></span> <span class='ocrx_word' id='word_1_102' title='bbox 1099 1086 1248 1147; x_wconf 87' lang='lat' dir='ltr'><strong>Tota</strong></span> <span class='ocrx_word' id='word_1_103' title='bbox 1271 1102 1340 1145; x_wconf 86' lang='lat' dir='ltr'><strong>ea</strong></span> <span class='ocrx_word' id='word_1_104' title='bbox 1371 1094 1546 1147; x_wconf 87' lang='lat' dir='ltr'><strong>necte</strong></span> <span class='ocrx_word' id='word_1_105' title='bbox 1577 1084 1730 1146; x_wconf 85' lang='lat' dir='ltr'><strong>inter</strong></span> <span class='ocrx_word' id='word_1_106' title='bbox 1755 1084 1978 1161; x_wconf 78' lang='lat' dir='ltr'><strong>vigilias</strong></span> <span class='ocrx_word' id='word_1_107' title='bbox 2003 1084 2376 1148; x_wconf 82' lang='lat' dir='ltr'><strong>adhortatio-</strong></span> 
     </span>
     <span class='ocr_line' id='line_1_13' title="bbox 282 1169 2378 1251; baseline -0 -18"><span class='ocrx_word' id='word_1_108' title='bbox 282 1190 511 1251; x_wconf 82' lang='lat' dir='ltr'><strong>nesque</strong></span> <span class='ocrx_word' id='word_1_109' title='bbox 536 1178 887 1250; x_wconf 85' lang='lat' dir='ltr'><strong>consumpta</strong></span> <span class='ocrx_word' id='word_1_110' title='bbox 908 1171 1173 1233; x_wconf 79' lang='lat' dir='ltr'><strong>celeriter</strong></span> <span class='ocrx_word' id='word_1_111' title='bbox 1200 1180 1258 1232; x_wconf 88' lang='lat' dir='ltr'><strong>et</strong></span> <span class='ocrx_word' id='word_1_112' title='bbox 1281 1170 1508 1249; x_wconf 79' lang='lat' dir='ltr'><strong>equites</strong></span> <span class='ocrx_word' id='word_1_113' title='bbox 1530 1169 1754 1247; x_wconf 82' lang='lat' dir='ltr'><strong>ingenti</strong></span> <span class='ocrx_word' id='word_1_114' title='bbox 1781 1188 1956 1233; x_wconf 86' lang='lat' dir='ltr'><strong>cursu</strong></span> <span class='ocrx_word' id='word_1_115' title='bbox 1983 1172 2274 1247; x_wconf 72' lang='lat' dir='ltr'><strong>refugere,</strong></span> <span class='ocrx_word' id='word_1_116' title='bbox 2311 1182 2378 1232; x_wconf 85' lang='lat' dir='ltr'><strong>et</strong></span> 
     </span>
     <span class='ocr_line' id='line_1_14' title="bbox 278 1254 2378 1337; baseline 0 -18"><span class='ocrx_word' id='word_1_117' title='bbox 278 1267 563 1337; x_wconf 86' lang='lat' dir='ltr'><strong>sequutus</strong></span> <span class='ocrx_word' id='word_1_118' title='bbox 604 1265 695 1318; x_wconf 87' lang='lat' dir='ltr'><strong>est</strong></span> <span class='ocrx_word' id='word_1_119' title='bbox 733 1266 949 1319; x_wconf 80' lang='lat' dir='ltr'><strong>aestus,</strong></span> <span class='ocrx_word' id='word_1_120' title='bbox 1014 1256 1129 1331; x_wconf 82' lang='lat' dir='ltr'><strong>Qui</strong></span> <span class='ocrx_word' id='word_1_121' title='bbox 1164 1256 1357 1335; x_wconf 75' lang='lat' dir='ltr'><strong>primo</strong></span> <span class='ocrx_word' id='word_1_122' title='bbox 1391 1256 1558 1335; x_wconf 83' lang='lat' dir='ltr'><strong>aquis</strong></span> <span class='ocrx_word' id='word_1_123' title='bbox 1595 1254 1714 1319; x_wconf 84' lang='lat' dir='ltr'><strong>leni</strong></span> <span class='ocrx_word' id='word_1_124' title='bbox 1748 1266 1938 1323; x_wconf 82' lang='lat' dir='ltr'><strong>tractu</strong></span> <span class='ocrx_word' id='word_1_125' title='bbox 1975 1256 2378 1321; x_wconf 73' lang='lat' dir='ltr'><strong>subeuntibus</strong></span> 
     </span>
     <span class='ocr_line' id='line_1_15' title="bbox 280 1336 2378 1424; baseline -0.001 -19"><span class='ocrx_word' id='word_1_126' title='bbox 280 1344 475 1424; x_wconf 85' lang='lat' dir='ltr'><strong>coepit</strong></span> <span class='ocrx_word' id='word_1_127' title='bbox 499 1344 693 1405; x_wconf 83' lang='lat' dir='ltr'><strong>levare</strong></span> <span class='ocrx_word' id='word_1_128' title='bbox 716 1343 961 1421; x_wconf 84' lang='lat' dir='ltr'><strong>navigia,</strong></span> <span class='ocrx_word' id='word_1_129' title='bbox 1002 1361 1140 1404; x_wconf 84' lang='lat' dir='ltr'><strong>mox</strong></span> <span class='ocrx_word' id='word_1_130' title='bbox 1172 1341 1310 1403; x_wconf 87' lang='lat' dir='ltr'><strong>totis</strong></span> <span class='ocrx_word' id='word_1_131' title='bbox 1347 1340 1568 1421; x_wconf 85' lang='lat' dir='ltr'><strong>campis</strong></span> <span class='ocrx_word' id='word_1_132' title='bbox 1599 1336 1903 1409; x_wconf 79' lang='lat' dir='ltr'><strong>inundans</strong></span> <span class='ocrx_word' id='word_1_133' title='bbox 1937 1341 2108 1406; x_wconf 78' lang='lat' dir='ltr'><strong>etiam</strong></span> <span class='ocrx_word' id='word_1_134' title='bbox 2135 1341 2378 1422; x_wconf 79' lang='lat' dir='ltr'><strong>impulit</strong></span> 
     </span>
    </p>

    <p class='ocr_par' dir='ltr' id='par_1_6' title="bbox 177 1427 2374 1680">
     <span class='ocr_line' id='line_1_16' title="bbox 177 1427 2371 1508; baseline 0 -17"><span class='ocrx_word' id='word_1_135' title='bbox 177 1429 263 1491; x_wconf 75' lang='lat'><strong>26</strong></span> <span class='ocrx_word' id='word_1_136' title='bbox 282 1429 550 1490; x_wconf 84' lang='lat' dir='ltr'><strong>classem.</strong></span> <span class='ocrx_word' id='word_1_137' title='bbox 615 1430 979 1508; x_wconf 81' lang='lat' dir='ltr'><strong>Plaususque</strong></span> <span class='ocrx_word' id='word_1_138' title='bbox 1002 1429 1246 1491; x_wconf 88' lang='lat' dir='ltr'><strong>militum</strong></span> <span class='ocrx_word' id='word_1_139' title='bbox 1273 1428 1775 1507; x_wconf 80' lang='lat' dir='ltr'><strong>nauticorumque,</strong></span> <span class='ocrx_word' id='word_1_140' title='bbox 1815 1427 2178 1507; x_wconf 78' lang='lat' dir='ltr'><strong>insperatam</strong></span> <span class='ocrx_word' id='word_1_141' title='bbox 2211 1430 2371 1491; x_wconf 83' lang='lat' dir='ltr'><strong>salu-</strong></span> 
     </span>
     <span class='ocr_line' id='line_1_17' title="bbox 280 1512 2372 1595; baseline -0 -19"><span class='ocrx_word' id='word_1_142' title='bbox 280 1521 397 1576; x_wconf 86' lang='lat' dir='ltr'><strong>tem</strong></span> <span class='ocrx_word' id='word_1_143' title='bbox 420 1515 737 1577; x_wconf 85' lang='lat' dir='ltr'><strong>immodico</strong></span> <span class='ocrx_word' id='word_1_144' title='bbox 759 1513 1175 1577; x_wconf 75' lang='lat' dir='ltr'><strong>celebrantium</strong></span> <span class='ocrx_word' id='word_1_145' title='bbox 1196 1514 1429 1593; x_wconf 82' lang='lat' dir='ltr'><strong>gaudio,</strong></span> <span class='ocrx_word' id='word_1_146' title='bbox 1452 1512 1724 1577; x_wconf 87' lang='lat' dir='ltr'><strong>litoribus</strong></span> <span class='ocrx_word' id='word_1_147' title='bbox 1745 1512 2006 1595; x_wconf 86' lang='lat' dir='ltr'><strong>ripisque</strong></span> <span class='ocrx_word' id='word_1_148' title='bbox 2027 1515 2372 1579; x_wconf 80' lang='lat' dir='ltr'><strong>resonabat.</strong></span> 
     </span>
     <span class='ocr_line' id='line_1_18' title="bbox 264 1597 2374 1680; baseline 0 -19"><span class='ocrx_word' id='word_1_149' title='bbox 264 1600 455 1661; x_wconf 82' lang='lat' dir='ltr'><strong>-Unde</strong></span> <span class='ocrx_word' id='word_1_150' title='bbox 477 1608 709 1661; x_wconf 83' lang='lat' dir='ltr'><strong>tantum</strong></span> <span class='ocrx_word' id='word_1_151' title='bbox 728 1600 981 1661; x_wconf 84' lang='lat' dir='ltr'><strong>redisset</strong></span> <span class='ocrx_word' id='word_1_152' title='bbox 1004 1600 1197 1662; x_wconf 82' lang='lat' dir='ltr'><strong>subito</strong></span> <span class='ocrx_word' id='word_1_153' title='bbox 1225 1616 1404 1673; x_wconf 81' lang='lat' dir='ltr'><strong>mare,</strong></span> <span class='ocrx_word' id='word_1_154' title='bbox 1449 1618 1566 1677; x_wconf 89' lang='lat' dir='ltr'><strong>quo</strong></span> <span class='ocrx_word' id='word_1_155' title='bbox 1592 1597 1782 1677; x_wconf 87' lang='lat' dir='ltr'><strong>pridie</strong></span> <span class='ocrx_word' id='word_1_156' title='bbox 1808 1600 2140 1678; x_wconf 78' lang='lat' dir='ltr'><strong>refugisset,</strong></span> <span class='ocrx_word' id='word_1_157' title='bbox 2187 1619 2374 1680; x_wconf 86' lang='lat' dir='ltr'><strong>quae-</strong></span> 
     </span>
    </p>

    <p class='ocr_par' dir='ltr' id='par_1_7' title="bbox 126 1680 2370 1765">
     <span class='ocr_line' id='line_1_19' title="bbox 126 1680 2370 1765; baseline 0 -18"><span class='ocrx_word' id='word_1_158' title='bbox 126 1680 148 1687; x_wconf 45' lang='lat'><em>*</em></span> <span class='ocrx_word' id='word_1_159' title='bbox 280 1702 419 1747; x_wconf 75' lang='lat' dir='ltr'><strong>nam</strong></span> <span class='ocrx_word' id='word_1_160' title='bbox 448 1695 607 1747; x_wconf 87' lang='lat' dir='ltr'><strong>esset</strong></span> <span class='ocrx_word' id='word_1_161' title='bbox 628 1686 891 1749; x_wconf 84' lang='lat' dir='ltr'><strong>eiusdem</strong></span> <span class='ocrx_word' id='word_1_162' title='bbox 918 1686 1191 1747; x_wconf 86' lang='lat' dir='ltr'><strong>elementi</strong></span> <span class='ocrx_word' id='word_1_163' title='bbox 1220 1691 1428 1747; x_wconf 85' lang='lat' dir='ltr'><strong>natura</strong></span> <span class='ocrx_word' id='word_1_164' title='bbox 1452 1686 1632 1747; x_wconf 87' lang='lat' dir='ltr'><strong>modo</strong></span> <span class='ocrx_word' id='word_1_165' title='bbox 1655 1682 1888 1748; x_wconf 82' lang='lat' dir='ltr'><strong>discors</strong></span> <span class='ocrx_word' id='word_1_166' title='bbox 1909 1685 2100 1750; x_wconf 84' lang='lat' dir='ltr'><strong>modo.</strong></span> <span class='ocrx_word' id='word_1_167' title='bbox 2113 1686 2370 1765; x_wconf 79' lang='lat' dir='ltr'><strong>imperio</strong></span> 
     </span>
    </p>

    <p class='ocr_par' dir='ltr' id='par_1_8' title="bbox 176 1768 2412 1936">
     <span class='ocr_line' id='line_1_20' title="bbox 176 1768 2411 1851; baseline 0.002 -20"><span class='ocrx_word' id='word_1_168' title='bbox 176 1769 261 1831; x_wconf 76' lang='lat'><strong>27</strong></span> <span class='ocrx_word' id='word_1_169' title='bbox 282 1778 617 1848; x_wconf 86' lang='lat' dir='ltr'><strong>temporum</strong></span> <span class='ocrx_word' id='word_1_170' title='bbox 654 1771 926 1843; x_wconf 86' lang='lat' dir='ltr'><strong>obnoxia,</strong></span> <span class='ocrx_word' id='word_1_171' title='bbox 966 1770 1300 1832; x_wconf 85' lang='lat' dir='ltr'><strong>mirabundi</strong></span> <span class='ocrx_word' id='word_1_172' title='bbox 1330 1768 1722 1849; x_wconf 81' lang='lat' dir='ltr'><strong>requirebant.</strong></span> <span class='ocrx_word' id='word_1_173' title='bbox 1789 1770 1914 1834; x_wconf 85' lang='lat' dir='ltr'><strong>Rex</strong></span> <span class='ocrx_word' id='word_1_174' title='bbox 1955 1790 2138 1851; x_wconf 82' lang='lat' dir='ltr'><strong>quum</strong></span> <span class='ocrx_word' id='word_1_175' title='bbox 2173 1790 2255 1836; x_wconf 82' lang='lat' dir='ltr'><strong>ex</strong></span> <span class='ocrx_word' id='word_1_176' title='bbox 2285 1792 2370 1845; x_wconf 84' lang='lat' dir='ltr'><strong>eo,</strong></span> <span class='ocrx_word' id='word_1_177' title='bbox 2410 1776 2411 1797; x_wconf 80' lang='lat'>³</span> 
     </span>
     <span class='ocr_line' id='line_1_21' title="bbox 280 1800 2412 1936; baseline 0.003 -21"><span class='ocrx_word' id='word_1_178' title='bbox 280 1855 443 1932; x_wconf 87' lang='lat' dir='ltr'><strong>quod</strong></span> <span class='ocrx_word' id='word_1_179' title='bbox 460 1855 769 1926; x_wconf 85' lang='lat' dir='ltr'><strong>acciderat,</strong></span> <span class='ocrx_word' id='word_1_180' title='bbox 794 1855 1163 1928; x_wconf 82' lang='lat' dir='ltr'><strong>coniectaret,</strong></span> <span class='ocrx_word' id='word_1_181' title='bbox 1186 1863 1326 1935; x_wconf 85' lang='lat' dir='ltr'><strong>post</strong></span> <span class='ocrx_word' id='word_1_182' title='bbox 1342 1855 1484 1917; x_wconf 88' lang='lat' dir='ltr'><strong>solis</strong></span> <span class='ocrx_word' id='word_1_183' title='bbox 1507 1864 1702 1921; x_wconf 82' lang='lat' dir='ltr'><strong>ortum</strong></span> <span class='ocrx_word' id='word_1_184' title='bbox 1721 1864 1938 1919; x_wconf 86' lang='lat' dir='ltr'><strong>statum</strong></span> <span class='ocrx_word' id='word_1_185' title='bbox 1955 1865 2196 1936; x_wconf 82' lang='lat' dir='ltr'><strong>tempus</strong></span> <span class='ocrx_word' id='word_1_186' title='bbox 2217 1877 2368 1927; x_wconf 83' lang='lat' dir='ltr'><strong>esse,</strong></span> <span class='ocrx_word' id='word_1_187' title='bbox 2409 1800 2412 1927; x_wconf 53' lang='lat' dir='ltr'><strong>l</strong></span> 
     </span>
    </p>

    <p class='ocr_par' dir='ltr' id='par_1_9' title="bbox 186 1939 2374 2263">
     <span class='ocr_line' id='line_1_22' title="bbox 186 1939 2370 2022; baseline 0.002 -20"><span class='ocrx_word' id='word_1_188' title='bbox 186 1962 191 1974; x_wconf 87' lang='lat'>·</span> <span class='ocrx_word' id='word_1_189' title='bbox 278 1939 473 2002; x_wconf 86' lang='lat' dir='ltr'><strong>media</strong></span> <span class='ocrx_word' id='word_1_190' title='bbox 502 1949 694 2014; x_wconf 85' lang='lat' dir='ltr'><strong>nocte,</strong></span> <span class='ocrx_word' id='word_1_191' title='bbox 738 1951 801 2002; x_wconf 87' lang='lat' dir='ltr'><strong>ut</strong></span> <span class='ocrx_word' id='word_1_192' title='bbox 826 1949 1049 2002; x_wconf 87' lang='lat' dir='ltr'><strong>aestum</strong></span> <span class='ocrx_word' id='word_1_193' title='bbox 1078 1947 1412 2021; x_wconf 84' lang='lat' dir='ltr'><strong>occuparet,</strong></span> <span class='ocrx_word' id='word_1_194' title='bbox 1445 1960 1576 2004; x_wconf 89' lang='lat' dir='ltr'><strong>cum</strong></span> <span class='ocrx_word' id='word_1_195' title='bbox 1601 1941 1806 2022; x_wconf 84' lang='lat' dir='ltr'><strong>paucis</strong></span> <span class='ocrx_word' id='word_1_196' title='bbox 1827 1941 2072 2021; x_wconf 80' lang='lat' dir='ltr'><strong>navigiis</strong></span> <span class='ocrx_word' id='word_1_197' title='bbox 2095 1945 2370 2010; x_wconf 77' lang='lat' dir='ltr'><strong>secundo</strong></span> 
     </span>
     <span class='ocr_line' id='line_1_23' title="bbox 280 2025 2372 2109; baseline 0.004 -24"><span class='ocrx_word' id='word_1_198' title='bbox 280 2041 455 2086; x_wconf 86' lang='lat' dir='ltr'><strong>amne</strong></span> <span class='ocrx_word' id='word_1_199' title='bbox 482 2025 741 2088; x_wconf 86' lang='lat' dir='ltr'><strong>defluxit.</strong></span> <span class='ocrx_word' id='word_1_200' title='bbox 784 2027 1149 2104; x_wconf 82' lang='lat' dir='ltr'><strong>Evectusque</strong></span> <span class='ocrx_word' id='word_1_201' title='bbox 1184 2046 1256 2090; x_wconf 81' lang='lat' dir='ltr'><strong>os</strong></span> <span class='ocrx_word' id='word_1_202' title='bbox 1281 2026 1408 2088; x_wconf 85' lang='lat' dir='ltr'><strong>eius</strong></span> <span class='ocrx_word' id='word_1_203' title='bbox 1437 2027 1864 2106; x_wconf 79' lang='lat' dir='ltr'><strong>quadringenta</strong></span> <span class='ocrx_word' id='word_1_204' title='bbox 1893 2030 2080 2093; x_wconf 84' lang='lat' dir='ltr'><strong>stadia</strong></span> <span class='ocrx_word' id='word_1_205' title='bbox 2117 2049 2372 2109; x_wconf 82' lang='lat' dir='ltr'><strong>proces-</strong></span> 
     </span>
     <span class='ocr_line' id='line_1_24' title="bbox 278 2109 2374 2193; baseline 0.004 -21"><span class='ocrx_word' id='word_1_206' title='bbox 278 2109 355 2172; x_wconf 82' lang='lat' dir='ltr'><strong>sit</strong></span> <span class='ocrx_word' id='word_1_207' title='bbox 376 2111 439 2174; x_wconf 91' lang='lat' dir='ltr'><strong>in</strong></span> <span class='ocrx_word' id='word_1_208' title='bbox 462 2129 641 2182; x_wconf 84' lang='lat' dir='ltr'><strong>mare,</strong></span> <span class='ocrx_word' id='word_1_209' title='bbox 682 2112 917 2173; x_wconf 87' lang='lat' dir='ltr'><strong>tandem</strong></span> <span class='ocrx_word' id='word_1_210' title='bbox 944 2111 1063 2173; x_wconf 82' lang='lat' dir='ltr'><strong>voti</strong></span> <span class='ocrx_word' id='word_1_211' title='bbox 1088 2112 1182 2172; x_wconf 84' lang='lat' dir='ltr'><strong>sui</strong></span> <span class='ocrx_word' id='word_1_212' title='bbox 1206 2131 1470 2192; x_wconf 81' lang='lat' dir='ltr'><strong>compos,</strong></span> <span class='ocrx_word' id='word_1_213' title='bbox 1508 2113 1994 2193; x_wconf 86' lang='lat' dir='ltr'><strong>praesidibusque</strong></span> <span class='ocrx_word' id='word_1_214' title='bbox 2018 2122 2076 2177; x_wconf 87' lang='lat' dir='ltr'><strong>et</strong></span> <span class='ocrx_word' id='word_1_215' title='bbox 2099 2117 2294 2181; x_wconf 72' lang='lat' dir='ltr'><strong>mar-is</strong></span> <span class='ocrx_word' id='word_1_216' title='bbox 2317 2125 2374 2180; x_wconf 80' lang='lat' dir='ltr'><strong>et</strong></span> 
     </span>
     <span class='ocr_line' id='line_1_25' title="bbox 274 2196 1760 2263; baseline 0.002 -5"><span class='ocrx_word' id='word_1_217' title='bbox 274 2196 541 2258; x_wconf 75' lang='lat' dir='ltr'><strong>locorum</strong></span> <span class='ocrx_word' id='word_1_218' title='bbox 568 2197 679 2258; x_wconf 86' lang='lat' dir='ltr'><strong>diis</strong></span> <span class='ocrx_word' id='word_1_219' title='bbox 709 2197 989 2258; x_wconf 83' lang='lat' dir='ltr'><strong>sacrificio</strong></span> <span class='ocrx_word' id='word_1_220' title='bbox 1014 2199 1165 2260; x_wconf 78' lang='lat' dir='ltr'><strong>facto</strong></span> <span class='ocrx_word' id='word_1_221' title='bbox 1188 2199 1266 2262; x_wconf 91' lang='lat' dir='ltr'><strong>ad</strong></span> <span class='ocrx_word' id='word_1_222' title='bbox 1293 2199 1540 2262; x_wconf 88' lang='lat' dir='ltr'><strong>classem</strong></span> <span class='ocrx_word' id='word_1_223' title='bbox 1566 2199 1760 2263; x_wconf 84' lang='lat' dir='ltr'><strong>rediit.</strong></span> 
     </span>
    </p>

    <p class='ocr_par' dir='ltr' id='par_1_10' title="bbox 160 2264 2407 2624">
     <span class='ocr_line' id='line_1_26' title="bbox 160 2264 2370 2362; baseline 0.001 -19"><span class='ocrx_word' id='word_1_224' title='bbox 160 2303 167 2308; x_wconf 89' lang='lat'><em>·</em></span> <span class='ocrx_word' id='word_1_225' title='bbox 220 2292 255 2354; x_wconf 93' lang='lat'><strong>1</strong></span> <span class='ocrx_word' id='word_1_226' title='bbox 406 2283 568 2362; x_wconf 85' lang='lat' dir='ltr'><strong>Cap.</strong></span> <span class='ocrx_word' id='word_1_227' title='bbox 594 2264 664 2345; x_wconf 65' lang='lat' dir='ltr'><strong>X.</strong></span> <span class='ocrx_word' id='word_1_228' title='bbox 710 2283 861 2346; x_wconf 88' lang='lat' dir='ltr'><strong>Hinc</strong></span> <span class='ocrx_word' id='word_1_229' title='bbox 888 2284 1199 2346; x_wconf 81' lang='lat' dir='ltr'><strong>adversum</strong></span> <span class='ocrx_word' id='word_1_230' title='bbox 1229 2286 1452 2348; x_wconf 82' lang='lat' dir='ltr'><strong>flumen</strong></span> <span class='ocrx_word' id='word_1_231' title='bbox 1487 2284 1668 2350; x_wconf 86' lang='lat' dir='ltr'><strong>subiit</strong></span> <span class='ocrx_word' id='word_1_232' title='bbox 1693 2284 1912 2358; x_wconf 81' lang='lat' dir='ltr'><strong>classis,</strong></span> <span class='ocrx_word' id='word_1_233' title='bbox 1961 2291 2022 2349; x_wconf 85' lang='lat' dir='ltr'><strong>et</strong></span> <span class='ocrx_word' id='word_1_234' title='bbox 2055 2282 2254 2350; x_wconf 73' lang='lat' dir='ltr'><strong>altero</strong></span> <span class='ocrx_word' id='word_1_235' title='bbox 2277 2286 2370 2348; x_wconf 86' lang='lat' dir='ltr'><strong>die</strong></span> 
     </span>
     <span class='ocr_line' id='line_1_27' title="bbox 276 2369 2372 2449; baseline 0.001 -19"><span class='ocrx_word' id='word_1_236' title='bbox 276 2369 525 2448; x_wconf 82' lang='lat' dir='ltr'><strong>appulsa</strong></span> <span class='ocrx_word' id='word_1_237' title='bbox 558 2377 649 2430; x_wconf 83' lang='lat' dir='ltr'><strong>est</strong></span> <span class='ocrx_word' id='word_1_238' title='bbox 672 2369 828 2430; x_wconf 84' lang='lat' dir='ltr'><strong>haud</strong></span> <span class='ocrx_word' id='word_1_239' title='bbox 858 2370 1061 2448; x_wconf 86' lang='lat' dir='ltr'><strong>procul</strong></span> <span class='ocrx_word' id='word_1_240' title='bbox 1085 2370 1214 2430; x_wconf 87' lang='lat' dir='ltr'><strong>lacu</strong></span> <span class='ocrx_word' id='word_1_241' title='bbox 1241 2370 1414 2443; x_wconf 85' lang='lat' dir='ltr'><strong>salso,</strong></span> <span class='ocrx_word' id='word_1_242' title='bbox 1461 2370 1628 2436; x_wconf 87' lang='lat' dir='ltr'><strong>cuius</strong></span> <span class='ocrx_word' id='word_1_243' title='bbox 1651 2371 1852 2448; x_wconf 78' lang='lat' dir='ltr'><strong>ignota</strong></span> <span class='ocrx_word' id='word_1_244' title='bbox 1886 2378 2092 2434; x_wconf 78' lang='lat' dir='ltr'><strong>natura</strong></span> <span class='ocrx_word' id='word_1_245' title='bbox 2131 2371 2372 2449; x_wconf 80' lang='lat' dir='ltr'><strong>pleros-</strong></span> 
     </span>
     <span class='ocr_line' id='line_1_28' title="bbox 278 2453 2407 2539; baseline 0.002 -25"><span class='ocrx_word' id='word_1_246' title='bbox 278 2471 393 2533; x_wconf 87' lang='lat' dir='ltr'><strong>que</strong></span> <span class='ocrx_word' id='word_1_247' title='bbox 431 2454 667 2534; x_wconf 85' lang='lat' dir='ltr'><strong>decepit</strong></span> <span class='ocrx_word' id='word_1_248' title='bbox 700 2463 923 2516; x_wconf 82' lang='lat' dir='ltr'><strong>temere</strong></span> <span class='ocrx_word' id='word_1_249' title='bbox 956 2455 1260 2539; x_wconf 77' lang='lat' dir='ltr'><strong>ingressos</strong></span> <span class='ocrx_word' id='word_1_250' title='bbox 1285 2472 1517 2534; x_wconf 81' lang='lat' dir='ltr'><strong>aquam.</strong></span> <span class='ocrx_word' id='word_1_251' title='bbox 1583 2455 1816 2536; x_wconf 80' lang='lat' dir='ltr'><strong>Quippe</strong></span> <span class='ocrx_word' id='word_1_252' title='bbox 1847 2453 2083 2522; x_wconf 84' lang='lat' dir='ltr'><strong>scabies</strong></span> <span class='ocrx_word' id='word_1_253' title='bbox 2109 2474 2376 2536; x_wconf 85' lang='lat' dir='ltr'><strong>corpora</strong></span> <span class='ocrx_word' id='word_1_254' title='bbox 2406 2463 2407 2536; x_wconf 45' lang='grc' dir='ltr'>ἦ</span> 
     </span>
     <span class='ocr_line' id='line_1_29' title="bbox 274 2539 2376 2624; baseline 0.003 -26"><span class='ocrx_word' id='word_1_255' title='bbox 274 2539 487 2601; x_wconf 80' lang='lat' dir='ltr'><strong>invasit</strong></span> <span class='ocrx_word' id='word_1_256' title='bbox 520 2549 581 2600; x_wconf 84' lang='lat' dir='ltr'><strong>et</strong></span> <span class='ocrx_word' id='word_1_257' title='bbox 604 2540 933 2618; x_wconf 83' lang='lat' dir='ltr'><strong>contagium</strong></span> <span class='ocrx_word' id='word_1_258' title='bbox 962 2540 1157 2602; x_wconf 86' lang='lat' dir='ltr'><strong>morbi</strong></span> <span class='ocrx_word' id='word_1_259' title='bbox 1182 2539 1360 2602; x_wconf 89' lang='lat' dir='ltr'><strong>etiam</strong></span> <span class='ocrx_word' id='word_1_260' title='bbox 1382 2539 1443 2602; x_wconf 90' lang='lat' dir='ltr'><strong>in</strong></span> <span class='ocrx_word' id='word_1_261' title='bbox 1468 2541 1614 2602; x_wconf 81' lang='lat' dir='ltr'><strong>alios</strong></span> <span class='ocrx_word' id='word_1_262' title='bbox 1643 2543 1945 2624; x_wconf 44' lang='lat' dir='ltr'><strong>vulgatum·</strong></span> <span class='ocrx_word' id='word_1_263' title='bbox 1965 2549 2075 2604; x_wconf 83' lang='lat' dir='ltr'><strong>est.</strong></span> <span class='ocrx_word' id='word_1_264' title='bbox 2149 2541 2376 2604; x_wconf 80' lang='lat' dir='ltr'><strong>Oleum</strong></span> 
     </span>
    </p>

    <p class='ocr_par' dir='ltr' id='par_1_11' title="bbox 214 2623 2405 2878">
     <span class='ocr_line' id='line_1_30' title="bbox 214 2623 2405 2708; baseline 0.004 -25"><span class='ocrx_word' id='word_1_265' title='bbox 214 2631 257 2691; x_wconf 88' lang='grc'>2</span> <span class='ocrx_word' id='word_1_266' title='bbox 275 2623 537 2685; x_wconf 86' lang='lat' dir='ltr'><strong>remedio</strong></span> <span class='ocrx_word' id='word_1_267' title='bbox 566 2625 693 2686; x_wconf 79' lang='lat' dir='ltr'><strong>fuit.</strong></span> <span class='ocrx_word' id='word_1_268' title='bbox 756 2625 1059 2688; x_wconf 69' lang='lat' dir='ltr'><strong>Leonnato</strong></span> <span class='ocrx_word' id='word_1_269' title='bbox 1100 2625 1319 2688; x_wconf 84' lang='lat' dir='ltr'><strong>deinde</strong></span> <span class='ocrx_word' id='word_1_270' title='bbox 1360 2627 1706 2704; x_wconf 84' lang='lat' dir='ltr'><strong>praemisso,</strong></span> <span class='ocrx_word' id='word_1_271' title='bbox 1744 2635 1808 2688; x_wconf 88' lang='lat' dir='ltr'><strong>ut</strong></span> <span class='ocrx_word' id='word_1_272' title='bbox 1841 2638 2054 2706; x_wconf 83' lang='lat' dir='ltr'><strong>puteos</strong></span> <span class='ocrx_word' id='word_1_273' title='bbox 2099 2629 2374 2702; x_wconf 77' lang='lat' dir='ltr'><strong>foderet,</strong></span> <span class='ocrx_word' id='word_1_274' title='bbox 2403 2701 2405 2708; x_wconf 25' lang='lat'><strong>⁴</strong></span> 
     </span>
     <span class='ocr_line' id='line_1_31' title="bbox 274 2710 2405 2792; baseline 0.004 -24"><span class='ocrx_word' id='word_1_275' title='bbox 274 2723 391 2786; x_wconf 81' lang='lat' dir='ltr'><strong>qua</strong></span> <span class='ocrx_word' id='word_1_276' title='bbox 418 2710 680 2770; x_wconf 79' lang='lat' dir='ltr'><strong>terrestri</strong></span> <span class='ocrx_word' id='word_1_277' title='bbox 704 2710 909 2774; x_wconf 79' lang='lat' dir='ltr'><strong>itinere</strong></span> <span class='ocrx_word' id='word_1_278' title='bbox 932 2713 1218 2775; x_wconf 81' lang='lat' dir='ltr'><strong>ducturus</strong></span> <span class='ocrx_word' id='word_1_279' title='bbox 1245 2712 1562 2776; x_wconf 80' lang='lat' dir='ltr'><strong>exercitum</strong></span> <span class='ocrx_word' id='word_1_280' title='bbox 1588 2712 1910 2786; x_wconf 86' lang='lat' dir='ltr'><strong>videbatur,</strong></span> <span class='ocrx_word' id='word_1_281' title='bbox 1949 2711 2178 2792; x_wconf 85' lang='lat' dir='ltr'><strong>quippe</strong></span> <span class='ocrx_word' id='word_1_282' title='bbox 2205 2716 2374 2778; x_wconf 86' lang='lat' dir='ltr'><strong>sicea</strong></span> <span class='ocrx_word' id='word_1_283' title='bbox 2404 2729 2405 2776; x_wconf 68' lang='lat'>3</span> 
     </span>
     <span class='ocr_line' id='line_1_32' title="bbox 276 2795 2376 2878; baseline 0.007 -26"><span class='ocrx_word' id='word_1_284' title='bbox 276 2802 403 2854; x_wconf 84' lang='lat' dir='ltr'><strong>erat</strong></span> <span class='ocrx_word' id='word_1_285' title='bbox 424 2795 605 2873; x_wconf 86' lang='lat' dir='ltr'><strong>regio,</strong></span> <span class='ocrx_word' id='word_1_286' title='bbox 632 2795 761 2875; x_wconf 78' lang='lat' dir='ltr'><strong>ipse</strong></span> <span class='ocrx_word' id='word_1_287' title='bbox 786 2815 917 2858; x_wconf 87' lang='lat' dir='ltr'><strong>cum</strong></span> <span class='ocrx_word' id='word_1_288' title='bbox 942 2797 1123 2877; x_wconf 83' lang='lat' dir='ltr'><strong>copiis</strong></span> <span class='ocrx_word' id='word_1_289' title='bbox 1145 2797 1422 2870; x_wconf 86' lang='lat' dir='ltr'><strong>substitit,</strong></span> <span class='ocrx_word' id='word_1_290' title='bbox 1453 2817 1696 2862; x_wconf 82' lang='lat' dir='ltr'><strong>vernum</strong></span> <span class='ocrx_word' id='word_1_291' title='bbox 1719 2807 1952 2878; x_wconf 82' lang='lat' dir='ltr'><strong>tempus</strong></span> <span class='ocrx_word' id='word_1_292' title='bbox 1977 2811 2376 2878; x_wconf 78' lang='lat' dir='ltr'><strong>exspectans.</strong></span> 
     </span>
    </p>

    <p class='ocr_par' dir='ltr' id='par_1_12' title="bbox 210 2876 2403 3225">
     <span class='ocr_line' id='line_1_33' title="bbox 210 2876 2403 2963; baseline 0.002 -20"><span class='ocrx_word' id='word_1_293' title='bbox 210 2876 513 2943; x_wconf 68' lang='lat' dir='ltr'><strong>amorim</strong></span> <span class='ocrx_word' id='word_1_294' title='bbox 540 2890 601 2942; x_wconf 90' lang='lat' dir='ltr'><strong>et</strong></span> <span class='ocrx_word' id='word_1_295' title='bbox 626 2883 805 2944; x_wconf 85' lang='lat' dir='ltr'><strong>urbes</strong></span> <span class='ocrx_word' id='word_1_296' title='bbox 841 2884 1153 2963; x_wconf 75' lang='lat' dir='ltr'><strong>plerasque</strong></span> <span class='ocrx_word' id='word_1_297' title='bbox 1179 2883 1459 2946; x_wconf 82' lang='lat' dir='ltr'><strong>condidit.</strong></span> <span class='ocrx_word' id='word_1_298' title='bbox 1524 2884 1792 2958; x_wconf 80' lang='lat' dir='ltr'><strong>Nearcho</strong></span> <span class='ocrx_word' id='word_1_299' title='bbox 1817 2893 1994 2963; x_wconf 79' lang='lat' dir='ltr'><strong>atque</strong></span> <span class='ocrx_word' id='word_1_300' title='bbox 2021 2881 2403 2951; x_wconf 58' lang='lat' dir='ltr'><strong>Onesicrito</strong></span> 
     </span>
     <span class='ocr_line' id='line_1_34' title="bbox 274 2963 2403 3047; baseline 0.003 -19"><span class='ocrx_word' id='word_1_301' title='bbox 274 2963 541 3028; x_wconf 69' lang='lat' dir='ltr'><strong>nauticae</strong></span> <span class='ocrx_word' id='word_1_302' title='bbox 558 2967 643 3028; x_wconf 86' lang='lat' dir='ltr'><strong>rei</strong></span> <span class='ocrx_word' id='word_1_303' title='bbox 666 2967 869 3047; x_wconf 87' lang='lat' dir='ltr'><strong>peritis</strong></span> <span class='ocrx_word' id='word_1_304' title='bbox 890 2969 1214 3047; x_wconf 81' lang='lat' dir='ltr'><strong>imperavit,</strong></span> <span class='ocrx_word' id='word_1_305' title='bbox 1237 2977 1304 3031; x_wconf 89' lang='lat' dir='ltr'><strong>ut</strong></span> <span class='ocrx_word' id='word_1_306' title='bbox 1327 2969 1710 3036; x_wconf 74' lang='lat' dir='ltr'><strong>validissimas</strong></span> <span class='ocrx_word' id='word_1_307' title='bbox 1735 2970 1968 3035; x_wconf 77' lang='lat' dir='ltr'><strong>navium</strong></span> <span class='ocrx_word' id='word_1_308' title='bbox 1991 2971 2372 3038; x_wconf 74' lang='lat' dir='ltr'><strong>deducerent</strong></span> <span class='ocrx_word' id='word_1_309' title='bbox 2401 2969 2403 2992; x_wconf 72' lang='lat'>³</span> 
     </span>
     <span class='ocr_line' id='line_1_35' title="bbox 271 3049 2366 3136; baseline 0.005 -24"><span class='ocrx_word' id='word_1_310' title='bbox 271 3049 335 3112; x_wconf 79' lang='lat' dir='ltr'><strong>&#39;m</strong></span> <span class='ocrx_word' id='word_1_311' title='bbox 370 3068 655 3114; x_wconf 78' lang='lat' dir='ltr'><strong>oceanum</strong></span> <span class='ocrx_word' id='word_1_312' title='bbox 700 3055 1135 3134; x_wconf 81' lang='lat' dir='ltr'><strong>progressique,</strong></span> <span class='ocrx_word' id='word_1_313' title='bbox 1176 3056 1374 3134; x_wconf 82' lang='lat' dir='ltr'><strong>quoad</strong></span> <span class='ocrx_word' id='word_1_314' title='bbox 1405 3064 1530 3122; x_wconf 81' lang='lat' dir='ltr'><strong>tuto</strong></span> <span class='ocrx_word' id='word_1_315' title='bbox 1557 3065 1824 3136; x_wconf 83' lang='lat' dir='ltr'><strong>possent,</strong></span> <span class='ocrx_word' id='word_1_316' title='bbox 1866 3064 2146 3122; x_wconf 77' lang='lat' dir='ltr'><strong>naturam</strong></span> <span class='ocrx_word' id='word_1_317' title='bbox 2177 3059 2366 3124; x_wconf 71' lang='lat' dir='ltr'><strong>maris</strong></span> 
     </span>
     <span class='ocr_line' id='line_1_36' title="bbox 274 3141 2401 3225; baseline 0.003 -27"><span class='ocrx_word' id='word_1_318' title='bbox 274 3145 616 3198; x_wconf 82' lang='lat' dir='ltr'><strong>noscerent:</strong></span> <span class='ocrx_word' id='word_1_319' title='bbox 642 3141 731 3200; x_wconf 80' lang='lat' dir='ltr'><strong>vel</strong></span> <span class='ocrx_word' id='word_1_320' title='bbox 754 3141 969 3200; x_wconf 87' lang='lat' dir='ltr'><strong>eodem</strong></span> <span class='ocrx_word' id='word_1_321' title='bbox 986 3157 1159 3202; x_wconf 76' lang='lat' dir='ltr'><strong>amne</strong></span> <span class='ocrx_word' id='word_1_322' title='bbox 1176 3141 1272 3204; x_wconf 78' lang='lat' dir='ltr'><strong>vel</strong></span> <span class='ocrx_word' id='word_1_323' title='bbox 1285 3141 1582 3222; x_wconf 73' lang='lat' dir='ltr'><strong>Euphrate</strong></span> <span class='ocrx_word' id='word_1_324' title='bbox 1601 3141 1800 3203; x_wconf 82' lang='lat' dir='ltr'><strong>subire</strong></span> <span class='ocrx_word' id='word_1_325' title='bbox 1821 3159 1924 3202; x_wconf 89' lang='lat' dir='ltr'><strong>eos</strong></span> <span class='ocrx_word' id='word_1_326' title='bbox 1943 3159 2154 3220; x_wconf 83' lang='lat' dir='ltr'><strong>pesse,</strong></span> <span class='ocrx_word' id='word_1_327' title='bbox 2177 3161 2365 3225; x_wconf 77' lang='lat' dir='ltr'><strong>quum</strong></span> <span class='ocrx_word' id='word_1_328' title='bbox 2398 3183 2401 3204; x_wconf 42' lang='lat' dir='ltr'><strong>ff</strong></span> 
     </span>
    </p>

    <p class='ocr_par' dir='ltr' id='par_1_13' title="bbox 212 3223 2398 3311">
     <span class='ocr_line' id='line_1_37' title="bbox 212 3223 2398 3311; baseline 0.005 -28"><span class='ocrx_word' id='word_1_329' title='bbox 212 3223 257 3283; x_wconf 76' lang='lat'>4</span> <span class='ocrx_word' id='word_1_330' title='bbox 274 3223 488 3285; x_wconf 83' lang='lat' dir='ltr'><strong>reverti</strong></span> <span class='ocrx_word' id='word_1_331' title='bbox 523 3223 598 3286; x_wconf 85' lang='lat' dir='ltr'><strong>ad</strong></span> <span class='ocrx_word' id='word_1_332' title='bbox 634 3243 703 3284; x_wconf 89' lang='lat' dir='ltr'><strong>se</strong></span> <span class='ocrx_word' id='word_1_333' title='bbox 730 3225 965 3287; x_wconf 82' lang='lat' dir='ltr'><strong>vellent.</strong></span> <span class='ocrx_word' id='word_1_334' title='bbox 1031 3224 1272 3304; x_wconf 82' lang='lat' dir='ltr'><strong>lamque</strong></span> <span class='ocrx_word' id='word_1_335' title='bbox 1293 3225 1554 3306; x_wconf 81' lang='lat' dir='ltr'><strong>mitigata</strong></span> <span class='ocrx_word' id='word_1_336' title='bbox 1577 3226 1774 3290; x_wconf 84' lang='lat' dir='ltr'><strong>hieme</strong></span> <span class='ocrx_word' id='word_1_337' title='bbox 1799 3236 1861 3290; x_wconf 88' lang='lat' dir='ltr'><strong>et</strong></span> <span class='ocrx_word' id='word_1_338' title='bbox 1887 3227 2166 3304; x_wconf 80' lang='lat' dir='ltr'><strong>navibus,</strong></span> <span class='ocrx_word' id='word_1_339' title='bbox 2217 3247 2364 3311; x_wconf 77' lang='lat' dir='ltr'><strong>quae</strong></span> <span class='ocrx_word' id='word_1_340' title='bbox 2396 3291 2398 3294; x_wconf 77' lang='grc'>,</span> 
     </span>
    </p>

    <p class='ocr_par' dir='ltr' id='par_1_14' title="bbox 213 3307 2402 3476">
     <span class='ocr_line' id='line_1_38' title="bbox 213 3307 2360 3384; baseline 0.005 -17"><span class='ocrx_word' id='word_1_341' title='bbox 213 3308 255 3367; x_wconf 78' lang='lat'>5</span> <span class='ocrx_word' id='word_1_342' title='bbox 273 3307 507 3372; x_wconf 83' lang='lat' dir='ltr'><strong>inutiles</strong></span> <span class='ocrx_word' id='word_1_343' title='bbox 548 3309 915 3384; x_wconf 81' lang='lat' dir='ltr'><strong>videbantur,</strong></span> <span class='ocrx_word' id='word_1_344' title='bbox 958 3310 1230 3372; x_wconf 83' lang='lat' dir='ltr'><strong>crematis</strong></span> <span class='ocrx_word' id='word_1_345' title='bbox 1269 3315 1425 3376; x_wconf 78' lang='lat' dir='ltr'><strong>terra</strong></span> <span class='ocrx_word' id='word_1_346' title='bbox 1467 3313 1719 3377; x_wconf 77' lang='lat' dir='ltr'><strong>ducebat</strong></span> <span class='ocrx_word' id='word_1_347' title='bbox 1755 3312 2098 3379; x_wconf 83' lang='lat' dir='ltr'><strong>exercitum.</strong></span> <span class='ocrx_word' id='word_1_348' title='bbox 2167 3315 2360 3380; x_wconf 84' lang='lat' dir='ltr'><strong>Nonis</strong></span> 
     </span>
     <span class='ocr_line' id='line_1_39' title="bbox 274 3341 2402 3476; baseline 0.005 -20"><span class='ocrx_word' id='word_1_349' title='bbox 274 3395 483 3458; x_wconf 77' lang='lat' dir='ltr'><strong>castris</strong></span> <span class='ocrx_word' id='word_1_350' title='bbox 494 3394 558 3456; x_wconf 87' lang='lat' dir='ltr'><strong>in</strong></span> <span class='ocrx_word' id='word_1_351' title='bbox 572 3394 875 3476; x_wconf 81' lang='lat' dir='ltr'><strong>regionem</strong></span> <span class='ocrx_word' id='word_1_352' title='bbox 892 3395 1193 3468; x_wconf 75' lang='lat' dir='ltr'><strong>Arabiton.</strong></span> <span class='ocrx_word' id='word_1_353' title='bbox 1210 3395 1350 3460; x_wconf 82' lang='lat' dir='ltr'><strong>inde</strong></span> <span class='ocrx_word' id='word_1_354' title='bbox 1363 3397 1608 3464; x_wconf 86' lang='lat' dir='ltr'><strong>totidem</strong></span> <span class='ocrx_word' id='word_1_355' title='bbox 1625 3399 1832 3463; x_wconf 83' lang='lat' dir='ltr'><strong>diebus</strong></span> <span class='ocrx_word' id='word_1_356' title='bbox 1850 3399 1912 3462; x_wconf 84' lang='lat' dir='ltr'><strong>in</strong></span> <span class='ocrx_word' id='word_1_357' title='bbox 1927 3399 2368 3467; x_wconf 66' lang='lat' dir='ltr'><strong>eodm-iorum</strong></span> <span class='ocrx_word' id='word_1_358' title='bbox 2396 3341 2402 3468; x_wconf 67' lang='lat' dir='ltr'><strong>,l</strong></span> 
     </span>
    </p>
   </div>
   <div class='ocr_carea' id='block_1_3' title="bbox 270 3475 2400 3869">
    <p class='ocr_par' dir='ltr' id='par_1_15' title="bbox 270 3475 2400 3869">
     <span class='ocr_line' id='line_1_40' title="bbox 270 3475 2400 3832; baseline 0.008 -296"><span class='ocrx_word' id='word_1_359' title='bbox 270 3476 575 3554; x_wconf 80' lang='lat' dir='ltr'><strong>regionem</strong></span> <span class='ocrx_word' id='word_1_360' title='bbox 598 3489 943 3561; x_wconf 83' lang='lat' dir='ltr'><strong>perventum</strong></span> <span class='ocrx_word' id='word_1_361' title='bbox 972 3491 1079 3545; x_wconf 77' lang='lat' dir='ltr'><strong>est.</strong></span> <span class='ocrx_word' id='word_1_362' title='bbox 1122 3483 1301 3548; x_wconf 84' lang='lat' dir='ltr'><strong>Liber</strong></span> <span class='ocrx_word' id='word_1_363' title='bbox 1333 3482 1430 3546; x_wconf 88' lang='lat' dir='ltr'><strong>hic</strong></span> <span class='ocrx_word' id='word_1_364' title='bbox 1461 3486 1714 3564; x_wconf 84' lang='lat' dir='ltr'><strong>populus</strong></span> <span class='ocrx_word' id='word_1_365' title='bbox 1737 3484 1988 3552; x_wconf 80' lang='lat' dir='ltr'><strong>concilio</strong></span> <span class='ocrx_word' id='word_1_366' title='bbox 2012 3475 2400 3832; x_wconf 44' lang='lat' dir='ltr'><strong>wlff-&#39;⁴</strong></span> 
     </span>
     <span class='ocr_line' id='line_1_41' title="bbox 2388 3839 2398 3869; baseline 0 0"><span class='ocrx_word' id='word_1_367' title='bbox 2388 3839 2398 3869; x_wconf 58' lang='grc' dir='ltr'>ι</span> 
     </span>
    </p>
   </div>
   <div class='ocr_carea' id='block_1_4' title="bbox 2399 2781 2407 3344">
    <p class='ocr_par' dir='ltr' id='par_1_16' title="bbox 2399 2781 2407 3344">
     <span class='ocr_line' id='line_1_42' title="bbox 2399 2781 2407 3344; baseline 0 0"><span class='ocrx_word' id='word_1_368' title='bbox 2399 2781 2407 3344; x_wconf 95' lang='lat' dir='ltr'><strong> </strong></span> 
     </span>
    </p>
   </div>
   <div class='ocr_carea' id='block_1_5' title="bbox 274 3561 2238 3654">
    <p class='ocr_par' dir='ltr' id='par_1_17' title="bbox 274 3561 2238 3654">
     <span class='ocr_line' id='line_1_43' title="bbox 274 3561 2238 3654; baseline 0.008 -32"><span class='ocrx_word' id='word_1_369' title='bbox 274 3561 419 3626; x_wconf 82' lang='lat' dir='ltr'><strong>didit</strong></span> <span class='ocrx_word' id='word_1_370' title='bbox 454 3583 541 3643; x_wconf 79' lang='lat' dir='ltr'><strong>se,</strong></span> <span class='ocrx_word' id='word_1_371' title='bbox 586 3587 699 3629; x_wconf 84' lang='lat' dir='ltr'><strong>nec</strong></span> <span class='ocrx_word' id='word_1_372' title='bbox 736 3567 1050 3649; x_wconf 75' lang='lat' dir='ltr'><strong>quidquam</strong></span> <span class='ocrx_word' id='word_1_373' title='bbox 1084 3567 1298 3633; x_wconf 83' lang='lat' dir='ltr'><strong>deditis</strong></span> <span class='ocrx_word' id='word_1_374' title='bbox 1329 3579 1566 3648; x_wconf 77' lang='lat' dir='ltr'><strong>praeter</strong></span> <span class='ocrx_word' id='word_1_375' title='bbox 1599 3581 1956 3654; x_wconf 77' lang='lat' dir='ltr'><strong>commeatus</strong></span> <span class='ocrx_word' id='word_1_376' title='bbox 1991 3572 2238 3654; x_wconf 70' lang='lat' dir='ltr'><strong>impera</strong></span> 
     </span>
    </p>
   </div>
  </div>
 </body>
</html>
