2417 3900
539 173 683 236 LlB.
725 174 819 235 1v.
854 173 985 254 (11.)
1031 173 1188 235 CAP.
1235 172 1281 234 1.
1329 169 1621 235 19-38,
2031 173 2114 234 29

75 300 130 350 et
148 289 469 366 invalidum,
504 292 822 373 Aegyptios
848 309 1086 370 semper
1108 291 1479 371 praetoribus
1505 309 1712 352 eorum
1734 290 1978 352 infestos
2002 311 2112 373 pro

73 377 228 436 sociis
261 377 451 456 ipsoS‚
492 398 616 439 non
656 398 764 458 pro
791 377 1065 438 hostibus
1092 377 1523 438 aestimaturos.
1614 377 1829 438 Omnia
1864 378 2115 457 experiri
2133 382 2216 445 29

73 463 374 524 necessitas
400 466 673 543 cogebat:
714 463 937 544 quippe
961 479 1140 542 quum
1166 462 1382 541 primas
1409 481 1545 542 spes
1573 465 1809 524 fortuna
1837 463 2115 539 destituit,

71 548 248 608 futura
277 551 689 629 praesentibus
715 549 987 610 videntur
1018 566 1151 608 esse
1176 549 1427 627 potiora.
1516 548 1699 627 Igitur
1724 549 2116 622 conclamant,

68 629 325 705 duceret,
368 653 484 712 quo
509 635 829 700 videretur.
911 632 1099 713 Atque
1121 634 1222 693 ille
1249 634 1529 695 utendum
1559 635 1797 710 animiS,
1844 634 1987 696 dum
2013 653 2123 714 spe

68 721 334 792 calerent,
367 727 530 782 ratu's
558 721 633 781 ad
659 719 878 782 Pelusii
904 718 1118 780 ostium
1141 728 1433 798 penetrat,
1469 720 1751 781 simulans
1779 738 1810 779 a
1834 721 2025 783 Dareo
2054 735 2122 782 se
2197 761 2209 773 ι

64 819 193 864 esse
225 805 631 884 praemissum.
716 807 944 868 Potitus
978 824 1120 884 ergo
1149 805 1367 868 Pelusii
1404 805 1710 886 Memphin
1748 806 1946 885 copias
1979 825 2122 886 pro-

61 889 270 950 movit:
308 891 382 951 ad
416 892 576 954 cuius
611 895 822 954 samam
847 891 1140 972 Aegyptii,
1177 910 1326 953 vana
1355 909 1500 972 gens
1537 901 1595 954 et
1626 893 1915 954 novandis
1943 909 2117 974 quam
2139 895 2223 958 30

65 975 334 1053 gerendis
373 977 562 1058 aptior
594 980 804 1055 rebuS,
843 995 915 1040 ex
951 979 1072 1040 suis
1098 977 1315 1058 quique
1336 978 1478 1041 vicis
1504 979 1869 1060 urbibusque
1901 980 1975 1058 ad
2002 981 2121 1042 hoc

62 1060 248 1140 ipsum
271 1073 654 1139 concurrunt,
691 1066 766 1126 ad
795 1063 1045 1128 delenda
1070 1063 1365 1144 praesidia
1394 1065 1728 1127 Persarum.
1795 1061 2123 1140 Qui-territi

64 1155 251 1209 tamen
305 1167 472 1230 spem
514 1151 810 1212 retinendi
853 1151 1184 1232 Aegyptum
1229 1170 1353 1212 non
1398 1151 1742 1213 omiserunt.
1844 1151 1966 1211 Sed
2014 1163 2121 1210 eos
2141 1145 2223 1211 31

64 1235 327 1312 Amyntas
356 1236 576 1316 proelio
599 1245 910 1317 superatos
935 1237 996 1297 in
1021 1237 1233 1298 urbem
1258 1237 1575 1316 compellit,
1608 1236 1936 1314 castrisque
1957 1233 2125 1313 posi-

64 1318 131 1379 tis
153 1321 400 1382 victores
433 1321 510 1383 ad
544 1320 920 1402 populandos
957 1339 1130 1400 agros
1159 1321 1387 1396 eduxit,
1424 1339 1495 1381 ac
1516 1322 1675 1382 velut
1704 1320 1769 1380 in
1792 1319 1987 1380 medio
2012 1339 2123 1400 po-

62 1404 176 1466 sitis
222 1404 500 1468 omnibus
543 1407 804 1467 hostium
863 1416 1068 1466 cuncta
1125 1406 1472 1483 agebantur.
1588 1405 1792 1484 Itaque
1838 1404 2119 1494 MapaceS,
2141 1404 2225 1467 32

66 1508 413 1570 quamquam
435 1491 654 1552 infelici
694 1490 921 1571 proelio
958 1507 1200 1550 suorum
1226 1489 1452 1551 animos
1476 1490 1711 1551 territos
1742 1509 1875 1551 esse
1900 1509 2122 1570 cogno·
2210 1512 2215 1518 ·

61 1586 234 1650 verat,
252 1587 453 1637 tamen
465 1577 732 1656 palantes
754 1584 812 1637 et
828 1575 1104 1638 victoriae
1123 1575 1339 1637 fiducia
1356 1575 1629 1637 incautos
1642 1584 1963 1651 ostentam,
1986 1596 2126 1656 per-

59 1663 218 1740 pulit,
241 1677 320 1722 ne
342 1661 676 1724 dubitarent
694 1680 767 1723 ex
791 1662 938 1723 urhe
959 1680 1269 1741 erumpere
1292 1669 1349 1723 et
1367 1681 1466 1723 res
1484 1663 1730 1726 amissas
1750 1655 2123 1744 recuperare.

59 1747 123 1807 ld
152 1747 459 1810 consilium
492 1767 616 1809 non
637 1747 864 1809 ratione
889 1748 1242 1829 prudentius
1281 1767 1454 1827 quam
1481 1759 1691 1810 eventu
1724 1749 1953 1812 felicius
1978 1750 2084 1812 ruit
2103 1769 2117 1810 ε
2139 1755 2225 1819 33

59 1833 129 1893 ad
155 1850 337 1895 unum
365 1851 570 1895 omnes
595 1850 725 1896 cum
749 1833 880 1914 ipso
906 1835 1053 1896 duce
1080 1835 1259 1896 occisi
1286 1843 1443 1896 sunt.
1511 1833 1629 1896 Has
1654 1854 1879 1914 poenas
1903 1839 2124 1916 Amyn-

61 1926 142 1980 tas
180 1918 418 2000 utrique
447 1921 573 2000 regi
607 1921 794 1996 dedit,
830 1921 1010 1983 nihilo
1048 1921 1236 2001 magis
1278 1920 1361 1997 ei,
1396 1921 1469 1983 ad
1505 1941 1678 2001 quem
1707 1923 2123 2003 transfugerat,

63 2006 238 2081 fiduS,
273 2024 448 2085 quam
473 2007 584 2081 illi,
623 2026 794 2087 quem
820 2008 1183 2069 deseruerat.
1980 1998 1990 2014 ‘

181 2092 354 2153 Darei
377 2102 682 2173 praetores
701 2142 716 2167 ‚
753 2094 853 2175 qui
876 2094 1102 2173 proelio
1130 2094 1291 2173 apud
1315 2091 1489 2152 Isson
1516 2092 1947 2171 superfuerant,
1988 2108 2121 2151 cum
2141 2094 2226 2157 34

67 2178 213 2238 omni
238 2196 448 2252 manu,
493 2197 640 2258 quae
666 2181 955 2258 fugientes
982 2188 1231 2258 sequuta
1254 2184 1398 2249 erat,
1440 2183 1745 2259 assumpta
1770 2176 1942 2236 etiam
1970 2176 2125 2253 Cap·

66 2262 347 2339 padocum
385 2271 447 2324 et
475 2264 921 2343 Paphlagonum
959 2264 1262 2325 iuventute
1285 2261 1522 2341 Lydiam
1551 2277 1905 2337 recuperare
1931 2268 2124 2319 tenta-

67 2346 213 2409 bant.
299 2350 665 2427 AntigonuS,
715 2357 952 2429 praetor
995 2346 1341 2417 Alexandri,
1394 2346 1605 2424 Lydiae
1650 2351 1953 2423 praeerat:
2006 2344 2123 2421 qui,
2143 2344 2227 2407 35

67 2452 412 2515 quamquam
440 2434 757 2515 plerosque
779 2434 1026 2495 militum
1049 2452 1120 2494 ex
1145 2430 1455 2511 praesidiis
1483 2431 1559 2490 ad
1582 2448 1779 2508 regem
1806 2424 2149 2507 dimiserat‚‘

69 2524 251 2583 tamen
277 2520 552 2583 barbaris
577 2519 790 2600 spretis
816 2520 876 2580 in
901 2519 1082 2580 aciem
1111 2537 1254 2579 suos
1285 2516 1503 2577 eduxit.
1590 2516 1809 2577 Eadem
1835 2514 1949 2576 illic
1974 2535 2123 2596 quo-

71 2622 170 2682 que
195 2608 436 2668 fortuna
464 2607 715 2685 partium
746 2606 884 2679 fuit3
929 2604 1115 2667 tribus
1139 2602 1377 2683 proeliis
1405 2603 1515 2663 alia
1546 2611 1718 2683 atque
1745 2602 1853 2663 alia
1877 2602 2121 2679 regione

70 2692 391 2754 commissis
428 2693 647 2754 Persae
687 2692 1031 2753 funduntur.
1119 2690 1343 2751 Eodem
1380 2700 1649 2768 tempore
1684 2690 1886 2750 classis
1926 2687 2121 2751 Mace-
2140 2697 2227 2763 36

69 2774 278 2841 donum
303 2796 378 2840 ex
409 2779 650 2840 Graecia
676 2778 855 2839 accita
881 2778 1313 2849 AristomEnen,
1341 2776 1440 2854 qui
1464 2776 1538 2836 ad
1566 2774 1933 2855 Hellesponti
1956 2795 2123 2839 oram

69 2864 527 2943 recuperandam
551 2884 583 2925 a
611 2864 803 2925 Dareo
833 2872 956 2925 erat
985 2864 1228 2937 missuS‚
1275 2862 1458 2940 captis
1494 2861 1621 2923 eius
1647 2870 1746 2922 aut
1770 2861 1989 2922 eversis
2015 2880 2123 2923 na-

67 2945 226 3011 vibus
247 2957 512 3030 superat.
571 2950 621 3012 A
647 2950 885 3011 Milesiis
917 2949 1132 3010 deinde
1160 2948 1591 3021 Pharnabazus,
1619 2948 1949 3029 praefectus
1980 2950 2122 3025 Per·
2140 2953 2226 3016 37

68 3032 216 3095 sicae
253 3035 492 3110 classiS,
528 3036 777 3117 pecunia
817 3039 1019 3097 exacta
1057 3042 1115 3096 et
1141 3034 1436 3115 praesidio
1475 3034 1534 3093 in
1566 3033 2002 3096 urbem'Chium
2031 3035 2123 3095 in-‘

69 3120 336 3186 troducto
364 3131 595 3184 eentum
623 3124 866 3185 navibus
895 3123 1154 3183 Andrum
1185 3128 1243 3181 et
1264 3120 1401 3181 inde
1428 3120 1731 3199 Syphnum
1763 3120 1946 3199 petiit.
2002 3120 2121 3181 Has
2220 3164 2227 3171 -

71 3221 300 3286 quoque
321 3207 547 3269 insulas
574 3209 879 3289 praesidiis
906 3214 1170 3287 occupat,
1210 3206 1458 3286 'pecunia
1483 3207 1705 3267 multat.
1780 3204 2119 3284 Magnitudo
2140 3205 2243 3282 38,

70 3286 219 3367 belli,
245 3292 408 3373 quod
431 3294 503 3354 ab
531 3295 988 3375 opulentissimis
1006 3292 1278 3371 Europae
1299 3293 1584 3369 Asiaeque
1603 3290 1843 3369 regibus
1869 3291 1929 3350 in
1952 3304 2123 3364 spem

70 3375 244 3439 totius
288 3378 450 3441 orbis
490 3382 819 3460 occupandi
858 3381 1199 3459 gerebatur,
1247 3377 1523 3439 Graeciae
1561 3395 1795 3456 quoque
1830 3383 1888 3434 et
1912 3372 2119 3432 Cretae

75 3476 230 3523 arma
255 3477 671 3527 commoverat.
699 3524 725 3539 „
760 3465 915 3543 Agis»,
943 3463 1547 3527 Lacedaemoniorum
1575 3480 1696 3533 rex,
1726 3468 1856 3517 octo
1885 3452 2118 3547 milibus
2139 3456 2223 3517 3⁹

77 3542 446 3624 Graecorum,
476 3552 574 3631 qui
598 3570 666 3613 ex
693 3550 886 3613 Cilicia
913 3550 1143 3628 profugi
1170 3550 1380 3609 domos
1404 3546 1777 3625 repetierant‚
1806 3541 2119 3596 contractis

75 3627 288 3696 bellum
315 3637 636 3717 Antipatro,
672 3636 1047 3699 Macedoniae
1073 3635 1388 3714 praefecto,
1421 3629 1789 3691 moliebatur.
1876 3614 2119 3675 Creten-
2138 3615 2221 3673 40
