2417 3900
581 112 728 176 us.
769 113 863 176 lv.
905 115 1035 191 ω.)
1075 96 1237 178 car.
1278 115 1373 178 iv.
1420 111 1674 176 e-ai,
2050 111 2169 173 -37

109 230 258 292 tibus
279 230 466 294 turba.
551 231 752 296 Multis
775 241 976 304 tamen
997 228 1169 300 saluti
1189 234 1357 296 fuere
1370 232 1630 307 ¹Sidonii,
1668 232 1766 312 qui
1786 230 1941 292 intra
1964 231 2163 294 Mace·-
2186 233 2269 294 15

113 317 322 378 donum
349 316 648 397 praesidia
673 327 862 380 erant.
930 319 1006 383 Hi
1030 319 1237 382 urbem
1262 319 1499 399 quidem
1522 319 1683 380 inter
1706 319 1959 379 victores
1982 319 2171 384 intra-

108 410 319 479 verant,
343 405 452 466 sed
483 405 868 484 cognationis
888 423 1025 469 cum
1047 403 1237 485 Tyriis
1258 423 1557 468 memores
1582 403 1833 485 (quippe
1856 411 2169 486 utramque

108 489 304 551 urbem
319 485 660 570 Agenorem
681 490 1020 562 condidisse
1039 489 1389 572 credebant)
1408 493 1623 554 multos
1643 490 1973 571 Tyriorum,
1998 492 2173 554 etiam

101 584 500 656 protegentes,
541 577 616 638 ad
646 595 754 637 sua
778 577 1108 656 perduxere
1128 576 1383 656 navigia,
1419 579 1634 656 quibus
1654 576 1931 640 occultati
1954 576 2177 638 Sidona

104 663 328 724 devecti
362 669 522 728 sunt,
570 674 572 677 ·
610 663 957 736 Quindecim
993 664 1153 732 milia
1196 664 1315 724 hoc
1364 665 1523 726 furto
1565 665 1853 726 subducta
1900 664 2177 725 saevitiae
2210 744 2213 746 Ὺ

102 757 260 810 sunt.
348 748 760 830 Quantumque
789 749 1090 828 sanguinis
1119 752 1325 812 tirsum
1352 750 1459 825 sit,
1503 751 1598 811 vel
1636 769 1707 811 ex
1739 749 1859 812 hoc
1878 750 2177 817 aestimari
2198 747 2280 810 16

103 842 318 913 potest,
351 835 685 914 quod2intra
706 837 1068 900 munimenta
1089 836 1257 899 urbis
1288 855 1397 898 sex
1415 835 1577 898 milia
1608 844 1965 898 armatorum
1994 837 2178 900 truci-

105 921 236 982 data
260 929 415 984 sunt.
453 993 460 1000 .
505 922 700 984 Triste
738 922 954 986 deinde
984 923 1391 1005 spectaculum
1422 923 1739 985 victoribus
1774 922 1861 984 ira
1900 923 2177 1003 praebuit
2201 921 2282 982 17

101 1005 274 1085 regiS.
336 1004 461 1068 Duo
493 1007 668 1085 milia,
713 1009 775 1070 in
799 1010 1016 1090 quibus
1042 1009 1382 1075 occidendis
1406 1011 1705 1072 defecerat
1726 1010 1943 1084 refice,
1986 1010 2179 1072 cruci-

103 1091 212 1153 bus
245 1093 400 1156 affixi
431 1113 543 1174 vper
577 1095 793 1174 ingens
825 1096 1015 1161 litoris
1053 1097 1311 1176 spatium
1349 1097 1785 1176 pependerunt.
1872 1095 2178 1174 Carthagi·
2201 1092 2283 1153 18

107 1178 394 1240 niensium
433 1181 648 1260 legatis
694 1184 996 1261 pepercit,
1051 1183 1249 1244 addita
1286 1182 1745 1244 denunciatione
1789 1180 1957 1253 belli,
2012 1182 2175 1259 quod

24 1289 26 1294 ·
106 1265 502 1344 praesentium
525 1285 732 1334 rerum
760 1269 1089 1334 necessitas
1113 1275 1465 1334 moraretur.
1606 1307 1609 1312 -
2244 1335 2255 1350 ⁸

228 1353 420 1432 Tyrus
445 1352 704 1430 septimo
725 1371 936 1415 mense
951 1401 967 1428 ‚
1015 1373 1186 1433 quam
1211 1353 1550 1433 oppugnari.
1572 1358 1783 1428 coepta
1806 1358 1963 1423 erat,
2017 1359 2184 1431 capta
2208 1349 2285 1410 19

106 1447 208 1511 est,
262 1439 410 1500 urbs
447 1445 508 1498 et
534 1445 827 1513 vetustate
865 1439 1110 1518 originis
1153 1446 1213 1500 et
1246 1439 1456 1500 crebra
1490 1438 1767 1499 fortunae
1803 1435 2084 1498 varietate
2113 1439 2189 1498 ad

105 1521 450 1586 memoriam
475 1524 839 1602 posteritatis
865 1525 1138 1604 insignis
1199 1524 1448 1587 Condita
1472 1523 1547 1584 ab
1568 1523 1848 1601 Agenore
1868 1521 1973 1584 diu
1999 1539 2183 1594 marc,
2235 1537 2239 1544 ·

104 1627 225 1670 non
249 1609 505 1672 vicinum
531 1611 734 1684 modo,
769 1611 897 1684 sed,
941 1613 1341 1691 quodcunque
1366 1610 1585 1671 classes
1608 1609 1735 1670 eius
1762 1608 2055 1677 adierunt,
2094 1599 2186 1672 diss

103 1695 282 1756 tionis
307 1713 452 1756 suae
472 1695 627 1757 fecit.
713 1696 804 1771 Et,
853 1698 905 1758 si
930 1699 1120 1758 famae
1143 1697 1289 1759 libet
1312 1697 1571 1769 credere,
1616 1695 1763 1756 haec
1785 1713 1935 1774 gens
1958 1695 2185 1758 litteras

106 1780 297 1862 prima
331 1791 432 1844 aut
457 1782 659 1845 docuit
688 1792 787 1844 aut
821 1783 1044 1846 didicit.
1135 1782 1413 1846 Coloniae
1448 1789 1606 1845 certe
1642 1781 1767 1844 eius
1808 1799 2013 1862 paene.
2034 1781 2187 1844 orbe
2202 1777 2291 1841 20

105 1876 226 1928 toto
256 1866 502 1933 diffusae
515 1876 696 1940 ‘sunt-z
725 1869 1016 1951 Carthago
1043 1869 1106 1932 in
1126 1870 1341 1944 Africa,
1364 1869 1428 1932 in
1448 1869 1700 1932 Boeotia
1719 1869 1981 1944 Thebae,
2006 1867 2188 1930 Gadis

107 1955 177 2016 ad
203 1974 512 2017 oceanum.
601 1957 821 2031 Credo,
869 1959 1060 2022 libero
1087 1964 1489 2021 commeantes
1514 1956 1665 2019 mari
1690 1956 2051 2039 saepiusque
2076 1956 2187 2017 ad-

111 2041 300 2103 eundo
341 2042 556 2106 ceteris
595 2043 930 2122 incognitas
963 2054 1152 2115 terras
1195 2044 1447 2123 elegisse
1486 2044 1665 2105 sedes
1690 2041 2021 2115 iuventuti,
2070 2058 2189 2122 qua

111 2135 246 2189 tunc
269 2129 698 2205 abundabanu.
719 2130 843 2191 sive
883 2131 1018 2210 quia
1057 2130 1285 2200 crebris
1318 2129 1581 2193 motibus
1622 2137 1848 2203 terrae,
1897 2146 2037 2189 nam
2070 2129 2189 2189 hoc

113 2232 342 2295 quoque
367 2216 646 2289 traditur,
685 2217 942 2279 cultores
968 2216 1094 2277 eius
1117 2215 1345 2295 fatigati
1364 2232 1520 2279 nova
1544 2222 1606 2275 et
1630 2222 1869 2277 externa
1894 2212 2204 2276 domicilia'

111 2301 281 2363 armis
323 2300 570 2365 sibimet
605 2319 892 2380 quaerere
927 2301 1311 2380 cogebantur.
1398 2300 1597 2362 Multis
1634 2318 1777 2377 ergo
1820 2300 2055 2361 casibus
2084 2301 2189 2379 de—
2208 2292 2290 2360 21

111 2386 303 2449 functa
329 2397 388 2449 et
415 2395 559 2467 post
583 2387 873 2449 excidium
899 2396 1122 2461 renata,
1167 2406 1333 2452 nunc
1357 2394 1561 2449 tamen
1594 2386 1774 2463 longa
1802 2402 1953 2465 pace
1977 2396 2189 2450 cuncta

113 2474 410 2539 refovente
437 2475 550 2535 sub
575 2475 760 2537 tutela
785 2475 1087 2538 Romanae
1112 2472 1587 2536 mansuetudinis
1612 2471 1942 2551 acquiescit.

231 2560 394 2641 Cap.
444 2561 512 2623 V.
586 2560 804 2631 lisdem
847 2561 1034 2621 ferme
1068 2559 1276 2626 diebus
1310 2559 1485 2621 Darei
1526 2558 1753 2621 litterae
1792 2558 1999 2619 allatae
2030 2567 2187 2634 suut,
2212 2556 2281 2635 lx

116 2645 346 2709 tandem
369 2653 444 2710 ut
469 2646 593 2724 regi
623 2646 902 2725 scriptae.
973 2646 1237 2716 Petebat,
1265 2646 1535 2709 utfiliam-
1554 2664 1723 2707 suam
1750 2645 2040 2724 (Statirae
2060 2654 2189 2707 erat

116 2736 352 2813 nomen)
387 2732 614 2813 nuptiis
640 2733 974 2795 Alexander
997 2732 1112 2793 sibi
1135 2725 1511 2811 adiungeret:
1558 2732 1760 2793 dotem
1790 2732 1918 2793 fore
1948 2748 2191 2794 omnem

117 2818 420 2897 regionem
465 2819 625 2882 inter
666 2818 1120 2899 Hellespontum
1171 2825 1231 2880 et
1272 2815 1484 2899 Halyn-
1508 2836 1745 2891 amnem
1796 2817 1997 2892 sitam,
2046 2816 2191 2880 inde
2240 2858 2313 2904 ¹.-

121 2904 404 2969 orientem
435 2906 842 2986 spectantibus
875 2904 1050 2969 terris
1083 2912 1432 2969 contentum
1460 2922 1530 2967 se
1559 2906 1709 2967 fore.
1796 2904 1861 2965 Si
1896 2906 2049 2965 forte
2074 2904 2187 2967 du-
2208 2900 2249 2961 2

24 3054 26 3073 2
119 2986 344 3067 bitaret,
369 2993 535 3071 quod
565 2995 894 3067 offerretur,
919 2992 1046 3056 acci
1081 3009 1221 3062 erc:
1244 3008 1547 3073 nunquam
1576 2991 1678 3053 diu
1708 2989 1921 3054 eodem
1944 2991 2192 3070 vestigio

24 3080 26 3083 ’
120 3084 272 3139 stare
295 3080 627 3153 fortunam,
675 3096 1036 3159 semperque
1098 3078 1359 3153 omines,
1404 3084 1919 3158 quantamcunque
1944 3076 2192 3139 felicita-

122 3168 238 3225 tem
257 3164 548 3242 habeant,
592 3166 871 3233 iuvidiam
891 3174 1093 3230 tamen
1107 3164 1339 3245 ,sentire
1361 3166 1668 3229 maiorem.
1752 3164 1955 3227 Vereri
1982 3178 2066 3236 se,
2112 3177 2191 3222 ne
2210 3156 2251 3219 3

121 3248 312 3315 avium
327 3252 514 3319 modo
529 3298 570 3325 ,,
598 3271 746 3332 quas
770 3252 1051 3323 naturalis
1080 3252 1294 3319 levitas
1312 3260 1533 3332 ageret
1555 3251 1633 3313 ad
1662 3250 1891 3325 sidera',
1936 3246 2102 3309 inani
2123 3264 2195 3308 ac

123 3337 328 3413 puerili
355 3339 568 3402 mentis
593 3341 804 3401 affectu
832 3340 1160 3405 efferretur.
1222 3338 1383 3405 Nihil
1410 3338 1700 3402 difficilius
1722 3354 1875 3410 esse,
1924 3350 2103 3412 quam
2120 3332 2191 3393 in
2224 3364 2227 3369 ·

123 3416 213 3481 illa
245 3431 437 3488 aetate
467 3432 692 3488 tantam
722 3442 934 3503 capere
961 3427 1285 3493 fortunam.
1361 3426 1579 3489 -Multas
1606 3442 1671 3484 se
1693 3423 1891 3484 adhuc
1914 3416 2191 3497 reliquias
2212 3415 2253 3474 4
2287 3494 2295 3501 ⁴

24 3508 28 3525 ¹
126 3505 362 3584 habere,
405 3529 520 3573 nec
561 3526 800 3589 semper
823 3510 980 3574 inter
1007 3510 1313 3589 angustias
1332 3504 1950 3590 possedeprehendi:
1994 3512 2193 3569 trans·-

127 3594 382 3672 eundum
425 3614 562 3697 esse
605 3595 946 3674 Alexandro,
979 3597 1355 3698 Euphraten,
1376 3596 1703 3675 Tigrimque
1750 3600 1810 3654 et
1852 3591 2083 3657 Arma
2131 3601 2198 3653 et
