2417 3900
553 153 702 226 ιιι
745 153 840 216 1v.
887 152 1018 236 (Π.)
1068 156 1227 218 cAP.
1272 157 1341 218 x.
1392 136 1650 221 l—uss'
2055 161 2149 222 49

65 275 324 358 primum
361 273 616 336 nitorem
651 273 996 338 sideris=sui
1029 276 1309 351 condidit,
1354 277 1569 340 deinde
1606 279 1909 358 sanguinis
1943 282 2149 344 colore

65 363 292 424 suffuso
313 359 516 422 lumen
535 378 714 423 omne
733 363 1008 436 foedavit,
1031 363 1409 442 sollicitisque
1426 365 1539 426 sub
1560 365 1753 444 ipsum
1772 365 1919 426 tanti
1940 365 2151 430 discri-

65 447 242 510 minis
272 465 471 508 casum
503 439 718 526 in'gens
757 449 964 528 religio
998 458 1056 512 et
1087 459 1162 511 ex
1191 467 1261 510 ea
1301 451 1553 512 formido
1594 451 1884 530 quaedam
1912 451 2151 514 incussa

63 543 176 596 est.
237 532 386 594 0Diis
419 533 619 596 invitis
658 537 719 598 in
757 535 994 600 ultimas
1029 544 1221 597 terras
1259 535 1412 597 trahi
1456 555 1523 598 se
1555 538 1985 616 querebantur:
2034 538 2213 600 iam3

62 639 184 682 nec
203 619 448 680 flumina
475 638 662 698 posse
685 622 849 694 adiri,
876 641 990 683 nec
1011 622 1211 684 sidera
1236 621 1549 702 pristinum
1572 641 1805 684 servare
1828 625 2158 702 fulgorem3

61 715 264 768 vastas
287 713 499 782 terrae,
535 709 766 780 deserta
791 709 986 770 omnia
1011 726 1359 783 occurrere3
1398 709 1465 770 in
1494 709 1666 770 unius
1693 709 1949 772 hominis
1972 709 2159 772 iacta·
2240 775 2253 781 ,

60 794 298 854 tionem
344 801 434 854 tot
463 793 686 856 milium
719 795 1068 874 sanguinem
1105 793 1407 873 impendi;
1449 795 1686 857 fastidio
1718 813 1851 857 esse
1885 798 2157 876 patriam,

60 876 338 940 abdicari
373 878 708 960 Philippum
741 890 1002 962 patre-3
1051 882 1282 944 coelum
1317 880 1483 942 vanis
1520 881 1969 962 cogitationibus
2008 884 2156 964 p'eti.

57 967 194 1028 Iam
219 981 412 1046 prope
437 967 789 1032 seditionem
813 985 912 1029 res
936 977 1080 1042 erat,
1119 987 1301 1048 quum
1322 966 1398 1028 ad
1424 967 1622 1029 omnia
1645 968 1945 1032 interritus
1969 970 2155 1032 duces
2172 971 2219 1032 4

55 1050 489 1133 principesque
511 1053 760 1116 militum
785 1055 1126 1134 frequentes
1152 1054 1366 1116 adesse
1392 1055 1689 1132 praetorio
1716 1057 2159 1136 Aegyptiosque

61 1145 255 1211 vateS,
301 1158 452 1218 quos
488 1140 639 1202 coeli
671 1158 744 1200 ac
781 1140 1043 1202 siderum
1076 1140 1469 1220 peritissimos
1508 1159 1642 1202 esse
1668 1141 1968 1215 credebat,
2014 1141 2157 1221 quid

60 1225 383 1293 sentirent,
413 1243 765 1304 expromere
785 1226 965 1287 iubet.
1045 1225 1117 1287 At
1137 1225 1241 1300 ini,
1271 1225 1367 1305 qui
1393 1225 1535 1286 satis
1559 1226 1795 1300 scirent,
1820 1236 2161 1306 temporum
2178 1227 2221 1288 5

61 1313 250 1373 orbes
295 1311 547 1390 implere
593 1311 916 1372 destinatas
951 1311 1108 1372 vices
1153 1313 1474 1390 lunamque
1506 1312 1792 1385 deficere,
1834 1331 2018 1391 quum
2058 1321 2163 1375 aut

59 1405 297 1460 terram
319 1397 552 1458 subiret
573 1403 674 1456 aut
700 1397 829 1457 sole
855 1404 1239 1475 premeretur,
1269 1397 1557 1458 rationem
1583 1398 1819 1477 quidem
1848 1397 1993 1478 ipsis
2018 1417 2165 1479 per—

58 1495 310 1564 ceptam
340 1499 466 1542 non
493 1481 748 1542 edocent
771 1483 1007 1561 vulgus:
1055 1489 1313 1544 ceterum
1336 1485 1658 1565 ¹affirmant,
1684 1483 1872 1544 solem
1902 1483 2161 1546 Graeco-
2178 1486 2223 1547 6

55 1587 230 1640 rum,
276 1567 482 1630 lunam
513 1585 647 1630 esse
677 1567 1024 1642 Per-sarum,
1069 1569 1456 1648 quotiensque
1486 1570 1580 1632 illa
1621 1570 1880 1644 deficiat,
1926 1570 2165 1632 ruinam'

53 1665 460 1731 stragemque
484 1652 596 1715 illis
623 1655 896 1733 gentibus
923 1655 1233 1734 portendi:
1274 1664 1587 1737 veteraque
1623 1657 1885 1736 exempla
1910 1675 2167 1737 percen-

22 1801 24 1804 ,
57 1747 220 1803 sent
245 1738 508 1800 Persidis
535 1759 757 1820 regum,
810 1761 958 1822 quos
984 1742 1245 1804 adversis
1271 1741 1386 1804 >diis
1414 1761 1712 1822 pugnasse
1752 1745 1926 1805 lunae
1954 1751 2165 1806 osten-

57 1828 273 1889 disset
308 1823 574 1888 defectio.
661 1828 832 1889 Nulla
865 1847 960 1890 res
999 1829 1435 1891 multitudinem
1474 1831 1769 1892 efficacius
1802 1830 1953 1908 regit
1983 1827 2225 1910 quam?

57 1911 454 1993 superstitio,
497 1913 753 1995 alioquin
776 1916 1096 1997 impotens,
1138 1935 1334 1991 saeva,
1374 1915 1688 1991 mutabilis
1728 1914 1827 1977 uhi
1854 1935 2001 1977 vana
2026 1915 2168 1978 reli-

59 2002 262 2081 gione
287 2006 457 2078 capta
484 2008 592 2073 est,
639 2002 848 2065 melius
875 2003 1106 2065 vatibus
1132 2001 1586 2083 quam-ducibus
1620 2003 1743 2063 suis
1764 2011 1953 2081 paret.
2044 2002 2166 2082 Igi-

59 2099 172 2149 tur
213 2084 373 2147 edita
407 2085 466 2147 in
505 2086 713 2165 vulgus
747 2090 1167 2169 Aegyptiorum
1204 2104 1499 2167 responsa
1530 2106 1737 2149 rursus
1775 2086 1848 2148 ad
1892 2092 2063 2166 spem
2106 2095 2170 2149 et

63 2170 357 2235 fiduciam
384 2176 624 2233 erexere
650 2183 979 2251 torpentes.
1047 2214 1053 2217 -

209 2258 338 2317 Rex
357 2256 584 2335 impetu
610 2259 942 2321 animorum
965 2256 1252 2318 utendum
1276 2262 1442 2314 ratus
1472 2255 1734 2315 secunda
1755 2252 1949 2331 vigilia
1976 2260 2169 2313 castra
2184 2250 2231 2311 Β

67 2342 298 2405 movit:
346 2343 558 2403 dextra
579 2342 781 2420 Tigrin
812 2343 1084 2414 habebat,
1129 2358 1161 2400 a
1187 2340 1353 2399 laeva
1376 2349 1629 2412 monteS‚
1681 2358 1831 2419 quos
1861 2336 2169 2399 Gordaeos
2196 2340 2204 2352 “

69 2435 316 2491 vocant.
404 2428 536 2489 Hoc
566 2426 838 2506 ingresso
881 2428 994 2490 iter
1031 2426 1452 2506 speculator-ea,
1504 2425 1602 2505 qui
1630 2422 1939 2505 praemissi
1980 2423 2227 2500 erant,9

39 2554 44 2561 ·
73 2516 195 2579 sub
222 2513 374 2576 lucis
403 2522 600 2575 ortum
626 2514 880 2575 Dareum
909 2515 1227 2576 adventare
1248 2511 1689 2573 nunciaverunt.
1734 2511 2029 2572 Instructo
2057 2510 2167 2591 igi-

76 2613 184 2663 tur
202 2600 389 2663 milite
411 2608 470 2661 et
496 2600 824 2681 composito
844 2600 1076 2679 agmine
1099 2596 1503 2661 antecedebat.
1552 2598 1669 2661 Sed
1698 2599 2011 2659 Persarum
2036 2616 2167 2660 mo-
2190 2597 2275 2661 lo

79 2698 320 2749 ratores
346 2698 514 2749 erant
535 2688 693 2749 mille
721 2689 926 2761 ferme,
971 2685 1069 2767 qui
1096 2684 1353 2763 speciem
1380 2686 1629 2764 agminis
1655 2684 1854 2764 magni
1879 2686 2168 2747 fecerant:

78 2774 314 2855 quippe
336 2773 440 2833 ubi
463 2774 757 2855 explorari
783 2792 919 2835 vera
947 2790 1067 2835 non
1090 2779 1369 2852 possunt,
1392 2773 1535 2835 falsa
1563 2776 1673 2854 per
1696 2779 1915 2833 metum
1944 2790 2169 2851 augen-

83 2870 223 2923 tur:
302 2858 409 2919 His
453 2862 703 2939 cognitis
741 2880 848 2922 rex
885 2880 1016 2923 cum
1058 2858 1261 2939 paucis
1298 2873 1542 2921 suorum
1570 2867 1923 2937 assequutus
1955 2876 2165 2937 agmen
2190 2854 2270 2916 11

77 2944 508 3023 refugientium
531 2949 604 3009 ad
637 2966 780 3009 suos
810 2948 955 3009 alios
989 2946 1203 3008 cecidit
1226 2944 1369 3012 alios
1398 2945 1568 3025 cepit,
1626 2944 1973 3026 equitesque
1997 2964 2169 3024 prae-—

81 3032 258 3095 misit
285 3033 668 3109 speculatum,
707 3034 880 3095 simul
905 3044 968 3095 ut
989 3033 1207 3114 ignem,
1244 3050 1360 3111 quo
1388 3032 1623 3093 barbari
1636 3040 2055 3093 cremaverant
2080 3032 2170 3091 vi-

83 3138 216 3192 cos,
243 3119 710 3197 exstinguerent.
801 3122 1034 3201 Quippe
1067 3120 1359 3198 fugientes
1384 3118 1596 3197 raptim
1622 3118 1791 3179 tectis
1828 3118 2171 3193 acervisque
2192 3109 2274 3171 12

83 3204 376 3269 frumenti
403 3204 732 3268 iniecerant·
753 3208 1038 3281 flammaS,
1090 3224 1240 3286 quae
1266 3223 1446 3284 quum
1472 3205 1535 3266 in
1560 3222 1794 3266 summo
1816 3204 2169 3271 haesissent,

81 3294 168 3354 ad
195 3290 480 3353 inferiora
504 3295 768 3355 nondum
791 3300 1265 3371 penetraverant.
1350 3292 1652 3354 Exstincto
1675 3290 1851 3367 igitur
1880 3291 2013 3365 igne
2039 3284 2171 3361 piu·
2192 3277 2275 3341 13

85 3380 316 3441 rimum
360 3378 638 3439 frumenti
681 3389 982 3458 repertum
1025 3388 1143 3453 θείς
1188 3378 1360 3458 copia
1406 3379 1651 3438 aliarum
1695 3390 1931 3453 quoque
1972 3386 2175 3429 rerum

85 3464 408 3527 abundare
433 3474 779 3543 coeperunt.
867 3466 948 3526 Ea
976 3484 1071 3526 res
1106 3465 1235 3544 ipsa
1262 3463 1426 3523 militi
1458 3465 1530 3523 ad
1560 3452 2175 3544 persequendumxho—

89 3561 256 3614 stem
295 3548 554 3611 animum
587 3550 865 3622 incendit,
911 3551 1126 3629 quippe
1169 3558 1379 3610 urente
1410 3556 1471 3607 et
1499 3544 1819 3625 populante
1850 3556 1919 3595 0⁰
1952 3542 2175 3594 terram

93 3635 506 3701 festinandum
535 3646 676 3713 erat,
699 3656 776 3699 ne
802 3637 1078 3697 incendio
1107 3642 1316 3697 cuncta
1340 3631 1723 3712 praeriperet.
1787 3620 1855 3679 In
1874 3617 2177 3764 :ationem
2197 3612 2281 3673 ll

215 3732 424 3779 Curtius.
