2417 3900
351 116 485 181 2⁰6
751 167 771 191 χ
832 114 933 179 DE
975 113 1238 177 GOETIS
1281 114 1710 177 ALEXANDRI
1751 114 1987 177 MAGNI

358 237 575 301 cidisse
596 235 745 299 iram
764 234 827 297 in
848 234 973 297 irae
996 232 1298 297 ministros
1319 252 1434 297 nec
1455 235 1633 297 ullam
1657 235 1979 314 potentiam
1999 231 2202 297 scelere
2225 248 2340 309 quae

298 331 341 395 7
358 324 529 387 sitam
554 322 825 402 anquam
860 338 997 383 esse
1022 318 1378 381 diuturnam.
1439 321 1565 383 Rex
1593 321 1822 399 cognita
1853 323 2054 383 caussa
2077 317 2340 397 pronuncia

356 409 456 483 vit,
495 408 569 471 ab
594 406 1037 470 accusatoribus
1062 422 1252 467 unum
1287 414 1348 467 et
1367 405 1430 467 id
1457 406 1769 468 maximum
1799 404 2016 468 crimen
2044 422 2164 465 esse
2177 413 2342 484 praeter

353 498 523 571 itum,
580 492 1055 573 desperationem
1075 489 1280 551 salutis
1299 508 1474 552 suae:
1511 510 1812 571 nunquam
1839 492 1992 553 enim
2014 490 2142 551 talia
2157 486 2342 575 ausurul

361 578 462 661 qui
484 580 685 659 ipsum
720 598 792 639 ex
816 578 983 640 India
1008 576 1288 655 sospitem
1322 586 1422 638 aut
1446 586 1755 657 optassent
1786 578 1997 638 reverti
2029 585 2125 637 aut
2147 573 2342 641 credidisl

299 672 339 734 8
361 675 497 728 sent
522 683 913 728 reversurum.
981 661 1167 741 Igitur
1198 662 1312 722 hos
1339 662 1577 741 quidem
1603 663 1804 734 vinxit,
1853 683 1927 723 nc
1955 672 2144 724 autem
2163 654 2342 737 militati

298 757 337 818 9
360 752 461 832 qui
482 750 752 811 saevitiae
782 768 989 811 eorum
1016 747 1268 809 ministri
1293 748 1538 823 fuerant,
1573 749 1821 809 interfici
1843 748 2030 809 iussit.
2094 746 2286 808 Eodem
2303 742 2342 825 (Ιῇ

360 844 660 917 sumptum
684 844 775 897 est
794 833 1147 915 supplicium
1169 832 1244 891 de
1262 831 1334 893 iis
1355 852 1612 913 quoque,
1639 853 1788 913 quos
1806 842 2076 895 auctores
2099 830 2302 895 defectio
2327 826 2341 839 “’

358 922 674 982 Persarum
703 921 977 982 CratErus
1005 919 1348 980 adduxerat.

258 1006 339 1072 lo
482 1006 653 1067 Haud
694 1006 879 1067 multo
901 1013 1039 1085 post
1062 1004 1365 1065 Nearchus
1404 1010 1462 1063 et
1492 1000 1875 1077 OnesicrItuS,
1926 1022 2078 1084 quor·
2111 996 2326 1080 longius'

256 1096 333 1157 11
358 1110 641 1155 oceanum
670 1091 997 1170 procedere
1022 1090 1296 1163 iusserat,
1343 1088 1782 1168 superveniunt.
1846 1088 2210 1152 Nunciabant
2231 1105 2282 1146 au

356 1179 645 1261 quaedam
673 1176 887 1249 audita,
930 1175 1041 1237 alia
1066 1182 1392 1255 comperta:
1435 1174 1688 1235 insulam
1713 1175 1864 1237 ostio
1903 1177 2096 1237 annis
2119 1172 2234 1236 subi

354 1280 498 1327 auro
519 1264 839 1336 abundare,
866 1263 1103 1343 inopem
1126 1278 1411 1341 equorum
1431 1278 1594 1321 esse:
1625 1260 1892 1340 singulos
1909 1280 2022 1324 eos
2039 1272 2308 1339 compotem

353 1350 427 1411 ab
456 1350 545 1423 iis,
581 1349 677 1429 qui
708 1368 778 1409 ex
805 1347 1126 1409 continenti
1146 1345 1416 1408 traiicere
1442 1346 1742 1419 auderent,
1773 1346 2024 1427 singulis
2049 1345 2256 1426 talentis
2273 1358 2294 1399 e
2325 1336 2343 1397 '.

254 1447 333 1509 12
350 1434 598 1497 Plenum
622 1453 755 1495 esse
774 1434 1100 1496 belluarum
1125 1452 1316 1508 mare3
1343 1440 1505 1493 aestu
1525 1434 1784 1493 secundo
1809 1452 1908 1495 eas
1928 1434 2073 1496 ferri
2094 1438 2334 1511 magnarum

352 1521 588 1583 navium
612 1538 862 1599 corpora
889 1530 1228 1599 aequanteS,
1258 1518 1409 1579 truci
1437 1526 1610 1581 cantu
1635 1519 1944 1581 deterritas
1975 1519 2142 1599 sequi
2165 1518 2334 1579 classem,

352 1625 487 1669 cum
530 1624 745 1685 magno
786 1606 1057 1686 aequoris
1096 1605 1366 1683 strepitu,
1407 1605 1562 1665 velut
1595 1604 1863 1667 demersa
1903 1605 2162 1685 navigia,
2197 1598 2340 1662 subiss-

254 1702 331 1763 13
352 1710 556 1771 aquas.
602 1694 808 1753 Cetera
834 1692 1045 1753 incolis
1073 1690 1462 1763 crediderant,
1497 1689 1654 1751 inter
1679 1709 1828 1769 quae
1851 1690 2103 1753 rubrum
2127 1704 2263 1751 mare
2281 1703 2304 1743 11

353 1794 385 1836 a
414 1778 611 1837 colore
644 1778 953 1849 undarum,
998 1784 1063 1836 ut
1096 1775 1361 1853 plerique
1399 1776 1724 1851 crederent,
1763 1778 1868 1837 sed
1907 1778 1986 1838 ab
2025 1777 2246 1857 Erythra
2266 1788 2290 1830 r

254 1869 332 1930 14
351 1861 664 1941 appellari:
694 1879 827 1921 esse
846 1860 1006 1921 haud
1030 1861 1235 1939 procul
1261 1878 1294 1919 a
1313 1858 1637 1921 continenti
1658 1862 1907 1923 insulam
1927 1863 2140 1943 palmis
2159 1863 2308 1936 freque

352 1946 509 2009 tibus
558 1945 843 2009 consitam
890 1954 948 2006 et
986 1944 1047 2007 in
1091 1946 1290 2006 medio
1334 1947 1458 2006 fere
1503 1965 1754 2009 nemore
1785 1951 2120 2012 columnam
2159 1944 2302 2009 emine

250 2040 329 2101 15
349 2033 631 2114 Erythrae
655 2033 813 2111 regis
838 2039 1310 2104 monumentum,
1347 2030 1530 2094 literis
1555 2035 1744 2111 gentis
1773 2035 1896 2096 eius
1923 2037 2214 2116 scriptam.
2254 2023 2328 2089 Μ’

348 2119 599 2194 ciebant,
624 2119 872 2198 navigia,
898 2136 1049 2199 quae
1074 2118 1218 2180 lixas
1235 2128 1712 2199 mercatoresque
1733 2121 2054 2196 rexissent,
2083 2124 2297 2183 famama

346 2205 613 2287 sequutis
652 2205 1142 2285 gubernatoribus
1168 2205 1230 2266 in
1256 2204 1503 2265 insulam
1543 2223 1674 2266 esse
1707 2208 2060 2270 transmissa
2089 2225 2193 2268 nec
2213 2195 2342 2264 dein&

247 2297 327 2359 16
348 2292 422 2353 ab
456 2293 548 2353 his
579 2301 788 2372 postea
824 2292 969 2352 visa.
1036 2291 1161 2352 Rex
1196 2291 1596 2368 cognoscendi
1627 2291 1793 2370 plura
1831 2295 2112 2373 cupidine
2147 2293 2347 2352 accensus·

344 2398 553 2441 rursus
591 2397 697 2440 eos
729 2388 948 2440 terram
975 2377 1169 2456 legere
1202 2376 1380 2450 iubet,
1419 2377 1609 2436 donec
1643 2377 1716 2438 ad
1749 2379 2065 2458 Euphratis
2097 2377 2198 2458 [os]
2221 2365 2342 2452 appel·

344 2465 533 2526 lerent
556 2465 835 2539 classem3
861 2464 1000 2525 inde
1028 2465 1276 2524 adverso
1306 2480 1478 2524 amne
1501 2462 1797 2544 Babylena
1824 2467 2148 2528 subituros

248 2543 327 2611 17
474 2550 611 2628 lpse
656 2551 851 2612 animo
884 2549 1109 2612 infinita
1146 2549 1484 2627 complexus
1519 2557 1798 2611 statuerat
1837 2553 2000 2614 omni
2039 2552 2114 2614 ad
2139 2547 2340 2632 orienteffss,

342 2634 635 2695 maritima
661 2635 903 2715 regione
924 2634 1258 2715 perdomita
1282 2653 1350 2694 ex
1379 2635 1544 2713 Syria
1569 2645 1772 2715 petere
1795 2637 2070 2712 Africam,
2099 2632 2344 2714 Carthag1¹3¹

343 2717 640 2794 infensus,
671 2721 819 2790 ‚inde
845 2720 1153 2784 Numidiae
1186 2720 1602 2783 solitudinibus
1633 2724 1958 2802 peragratis
1985 2737 2210 2786 cursum
2231 2707 2346 2774 (ἰθὼε

346 2803 599 2882 dirigere
618 2804 740 2886 (ibi
774 2825 1029 2887 namque
1064 2809 1392 2869 columnam
1421 2809 1684 2870 Herciilis
1709 2827 1842 2871 esse
1865 2811 2024 2872 fama
2047 2787 2347 2886 vulgaverat}

248 2897 326 2961 18
344 2889 657 2968 Hispanias
683 2893 915 2968 deinde,
944 2912 1093 2974 quas
1111 2893 1364 2956 iberiam
1385 2894 1588 2956 Graeci
1611 2913 1646 2956 a
1669 2896 1909 2957 flumine
1931 2897 2106 2959 Ibero
2125 2883 2347 2954 vocabssssfr'

344 2975 537 3051 adire,
586 2985 645 3038 et
686 2980 1053 3058 praetervehi
1092 2981 1272 3060 Alpes
1305 2980 1619 3060 Italiaeque
1661 2999 1842 3057 oram,
1885 2984 2048 3044 unde
2084 2982 2140 3042 in
2175 2977 2347 3058 1⁴]me

248 3071 325 3134 19
343 3062 539 3124 brevis
576 3082 783 3126 cursus
818 3074 926 3128 est.
993 3065 1177 3146 Igitur
1200 3066 1664 3147 Mesopotamiae
1695 3069 2068 3147 praetoribus
2101 3055 2346 3150 imperari>

343 3148 585 3211 materia
629 3149 692 3210 in
732 3151 956 3213 Libano
1001 3160 1202 3213 monte
1245 3157 1414 3216 caesa
1463 3153 1820 3234 devectaque
1855 3156 1932 3216 ad
1970 3153 2174 3216 urbem
2213 3147 2344 3222 Syr*

343 3235 715 3318 Thapsacum
742 3239 1244 3317 septingentarum
1271 3239 1499 3300 carinas
1526 3240 1758 3301 navium
1783 3259 2033 3322 ponere:
2073 3233 2346 3315 soporem&

344 3341 553 3386 omnes
580 3341 715 3386 esse
740 3324 1071 3403 deducique
1092 3323 1494 3404 Babyloniam.
1539 3325 1880 3408 Cypriorum
1899 3324 2138 3406 regibus
2156 3322 2348 3408 impe-rr

242 3409 326 3470 20
342 3415 488 3483 tum,
528 3420 593 3472 ut
614 3430 719 3472 aes
740 3421 1135 3490 stuppamque
1161 3418 1220 3472 et
1241 3412 1364 3473 vela
1390 3413 1758 3492 praeberent.
1803 3415 1960 3476 Haec
1982 3407 2170 3490 agenti
2193 3405 2303 3465 Pon
2319 3397 2348 3450 el

342 3494 557 3556 Taxilis
594 3517 799 3578 regum
845 3497 1047 3558 literae
1088 3497 1424 3572 traduntur,
1465 3499 1750 3562 Abisaren
1792 3500 2019 3574 morbo,
2059 3491 2348 3569 philippum,

260 3665 267 3686 Ι
340 3582 703 3653 praefectum
726 3583 933 3666 ipsiuS,
972 3601 1042 3646 ex
1070 3584 1312 3646 vulnere
1331 3583 1624 3662 interisse,
1665 3600 2118 3670 oppressosque,
2153 3574 2240 3656 qui
2259 3563 2348 3626 ‘⁷²¹¹‘
