2417 3900
269 132 394 194 140
729 128 832 192 DE
875 128 1140 189 GEsTls
1183 126 1613 189 ALEXANDRI
1656 124 1899 188 MAGNI

187 241 196 247 ’
269 272 410 323 non,
435 260 500 313 ut
527 250 734 312 ceteris
757 247 1042 321 barbaris,
1077 246 1242 307 rudis
1268 256 1327 307 et
1350 245 1687 309 inconditus
1710 263 1923 307 sensus
1950 251 2067 305 est:
2110 244 2364 322 quidam

269 356 474 399 eorum
509 335 852 415 sapientiam
893 351 1103 413 capere
1139 332 1427 406 dicuntur,
1474 341 1987 410 quantamcunque
2020 347 2172 407 gens
2202 332 2367 411 capit

170 430 243 493 11
269 440 504 503 semper
529 429 770 481 armata.
818 418 918 481 Sic
955 435 1106 499 quae
1135 418 1413 515 loquutos
1450 435 1581 479 esse
1604 417 1763 496 apu‘d
1796 434 1997 495 regem
2028 418 2367 479 memoriae

263 509 564 589 proditum
593 514 700 575 est,
741 506 1066 568 abhorrent
1097 506 1341 565 fors1tan
1362 502 1627 565 moribus
1663 502 1881 565 nostris
1909 510 1968 562 et
1994 510 2273 581 tempora
2306 511 2365 564 et

262 594 497 673 ingenia
537 592 782 653 cultiora
815 590 1070 653 sortitis:
1111 590 1217 651 sed
1243 598 1309 651 ut
1331 589 1525 670 possit
1553 588 1739 651 oratio
1766 605 1969 651 eorum
1994 588 2227 667 sperni,
2269 598 2364 649 ta-
2409 610 2410 659 l

263 698 402 741 men
427 678 580 740 fides
605 685 806 739 nostra
839 696 962 738 non
987 675 1184 749 debet,
1226 693 1359 754 qua,
1400 684 1695 753 utcunque
1718 681 1857 735 sunt
1882 673 2110 747 tradita,
2154 674 2361 735 incor-

166 776 242 837 12
261 774 433 845 rupta
459 765 848 843 perferemus.
891 762 1075 842 Igitur
1095 780 1280 823 unum
1306 779 1379 822 ex
1398 761 1493 823 his
1527 760 1845 823 maximum
1872 766 2013 821 natu
2035 760 2359 838 loquutum
2385 791 2410 813 ·.

201 885 211 897 ε
259 868 404 912 acce
446 868 631 910 nnus:
2160 888 2169 895 -

387 866 452 997 gi
485 934 566 994 dii
602 932 866 994 habitum
907 931 1174 1012 corporis
1203 930 1293 993 tui
1323 928 1577 991 aviditati
1620 930 1799 994 animi
1831 946 2037 1010 parem
2070 944 2209 991 esse
2250 950 2355 991 vo-

258 1020 524 1092 luissent,
549 1018 710 1080 orbis
733 1025 794 1076 te
817 1033 941 1078 nou
967 1024 1237 1096 caperet:
1274 1016 1456 1077 altera
1485 1034 1665 1078 manu
1692 1016 1998 1088 orientem,
2036 1014 2219 1077 altera
2248 1035 2355 1078 oc-

206 1098 222 1155 ’-
256 1104 555 1171 eicientem
583 1102 974 1181 contingeres,
1022 1110 1080 1163 et
1109 1103 1229 1163 hoc
1259 1108 1614 1181 assequutus
1640 1104 1792 1163 scire
1828 1102 2027 1173 velleS‚
2070 1100 2168 1163 ubi
2196 1103 2355 1163 tanti

163 1204 243 1267 13
261 1191 522 1253 numinis
547 1190 744 1267 fulgor
775 1187 1150 1249 conderetur.
1216 1188 1315 1249 Sic
1338 1206 1571 1267 quoque
1604 1187 1992 1267 concupiscis,
2034 1204 2351 1265 quaemon

265 1277 448 1355 capis.
494 1276 582 1337 Ab
605 1275 842 1354 Europa
868 1272 1020 1353 petis
1039 1273 1257 1347 Asiam,
1296 1292 1368 1333 ex
1392 1273 1527 1334 Asia
1552 1273 1765 1335 transis
1788 1274 1847 1335 in
1870 1272 2193 1351 Europam3
2230 1274 2354 1333 de-

261 1362 402 1423 inde
423 1360 476 1423 si
493 1362 820 1423 humanum
846 1376 1036 1437 genus
1059 1378 1235 1421 omne
1262 1360 1650 1438 superaveriS,
1692 1377 1823 1421 cum
1852 1358 2008 1421 silvis
2034 1365 2095 1419 et
2112 1357 2351 1421 nivibus
2410 1396 2412 1419 2

164 1450 243 1518 Μ
263 1456 324 1509 et
339 1446 680 1513 fluminibus
697 1446 954 1525 serisque
971 1446 1176 1507 bestiis
1194 1454 1464 1525 gesturus
1484 1463 1549 1505 es
1565 1444 1780 1507 bellum
1794 1441 1828 1507 ’.Ρ
1866 1440 2063 1518 Quid?
2086 1452 2153 1505 tu
2171 1444 2347 1522 igno·

259 1552 377 1607 ras,
415 1534 663 1594 arbores
689 1549 932 1609 magnas
961 1532 1061 1593 diu
1087 1550 1371 1606 crescere,
1406 1532 1695 1593 una‘bora
1722 1526 2075 1609 exstirpari?
2118 1528 2346 1591 Stultus

261 1628 372 1694 est,
418 1618 517 1699 qui
540 1620 764 1680 fructus
793 1635 994 1681 earum
1021 1625 1264 1698 spectat,
1302 1616 1667 1679 altitudinem
1697 1634 1821 1678 non
1854 1616 2115 1677 metitur.
2182 1616 2345 1687 vide,

261 1724 358 1778 ne,
383 1706 525 1765 dum
551 1704 624 1765 ad
651 1720 932 1763 cacumen
955 1704 1265 1781 pervenire
1292 1702 1619 1777 contendis,
1642 1720 1777 1764 cum
1800 1701 1947 1781 ipsis
1968 1698 2175 1775 ramis,
2198 1720 2345 1781 quos

163 1804 244 1865 15
265 1787 804 1868 comprehenderis,
847 1787 1104 1849 decidaS.
1172 1789 1294 1849 Leo
1338 1806 1573 1866 quoque
1611 1788 1925 1867 aliquando
1968 1786 2345 1849 minimarum
2404 1800 2413 1867 j

205 1938 215 1945 ,
263 1875 456 1935 avium
485 1874 769 1954 pabulum
795 1872 934 1945 fuit,
973 1879 1032 1932 et
1053 1874 1275 1935 ferrum
1299 1873 1510 1952 rubigo
1536 1874 1847 1937 consumit.
1914 1872 2070 1935 Nihil
2096 1880 2218 1934 tam
2246 1874 2344 1935 fir·
2404 1880 2414 1953 ff

165 1973 245 2035 16
264 1977 427 2020 mum
453 1969 561 2032 est,
607 1959 699 2020 cui
721 1957 1043 2037 periculum
1086 1977 1206 2020 non
1232 1958 1307 2019 sit
1333 1959 1506 2020 etiam
1534 1959 1605 2021 ab
1640 1960 1917 2022 invalido.
1987 1958 2149 2034 Quid
2172 1958 2344 2022 nobis
2405 1962 2416 2037 ἔέ

235 2053 458 2106 tecum
485 2041 620 2106 est?
664 2044 972 2122 Nunquam
996 2052 1217 2106 terram
1244 2057 1401 2106 tuam
1426 2044 1739 2124 attigimus.
1786 2045 1900 2120 Qui
1924 2045 2028 2119 εἰς,
2062 2045 2225 2107 unde
2246 2065 2349 2106 ve-

262 2130 410 2204 nias,
438 2130 652 2192 licetne
669 2130 942 2210 ignorare
965 2130 1028 2191 in
1049 2131 1231 2192 vastis
1250 2130 1409 2192 silvis
1426 2129 1801 2196 viventibus?
1842 2131 1966 2192 Nec
1994 2131 2219 2194 servire
2244 2131 2349 2194 uni

163 2225 246 2289 17
263 2235 581 2296 possumus
606 2235 718 2277 nec
741 2215 1032 2294 imperare
1059 2217 1483 2279 desideramus.
1527 2217 1694 2278 Dona
1718 2217 1894 2280 nobis
1921 2217 2054 2280 data
2082 2227 2243 2291 sunt,
2274 2235 2348 2278 ne

264 2303 611 2383 Scytharum
653 2310 886 2382 gentem
919 2302 1177 2380 ignoreS‚
1216 2302 1417 2381 iugum
1452 2304 1653 2378 boum,
1694 2312 1969 2377 aratrum,
2008 2305 2202 2374 hasta,
2256 2321 2350 2364 sa-

171 2401 190 2406 ·
263 2389 422 2466 gitta,
468 2397 690 2470 patera.
759 2388 864 2450 His
909 2387 1129 2450 utimur
1167 2397 1227 2448 et
1252 2407 1383 2449 cum
1422 2390 1623 2450 amicis
1652 2397 1711 2450 et
1738 2391 2021 2451 adversus
2058 2388 2353 2452 inimicos.
2413 2405 2416 2410 ·

165 2481 245 2542 18
261 2474 488 2552 Fruges
509 2473 710 2534 amicis
735 2473 942 2536 damus
963 2473 1140 2534 boum
1165 2473 1367 2534 labore
1396 2475 1717 2553 quaesitas3
1747 2478 1951 2557 patera
1976 2493 2111 2536 cum
2134 2475 2351 2536 iisdem

262 2557 465 2619 vinum
493 2559 602 2620 diis
628 2558 910 2620 libamus:
939 2559 1208 2620 inimicos
1236 2559 1443 2638 sagitta
1472 2560 1719 2634 eminus,
1747 2562 1915 2623 hasta
1946 2561 2219 2624 cominus
2244 2579 2353 2640 pe-

263 2641 463 2704 timus.
534 2644 632 2705 Sic
657 2643 857 2722 Syriae
889 2663 1090 2723 regem
1118 2654 1172 2706 et
1207 2655 1416 2724 postea
1445 2647 1759 2708 Persarum
1787 2647 2217 2726 Medorumque
2252 2667 2352 2708 su-
2414 2649 2416 2670 ³

166 2733 244 2796 19
263 2729 620 2806 peravimnS,
661 2729 967 2808 patuitque
995 2731 1166 2792 nobis
1191 2730 1305 2793 iter
1325 2732 1600 2810 usquein
1626 2733 1969 2812 Aegyptum.
2032 2733 2105 2794 At
2134 2741 2221 2806 tu,
2252 2733 2351 2812 qui

261 2819 324 2872 te
352 2813 619 2892 gloriaris
645 2815 718 2874 ad
749 2815 1003 2876 latrones
1037 2817 1485 2896 persequendos
1508 2818 1727 2892 venire,
1774 2816 2035 2880 omnium
2062 2820 2349 2897 gentium,
2413 2829 2416 2906 ξ

263 2915 410 2978 quas
435 2899 624 2975 adisti,
667 2900 817 2961 latro
842 2919 924 2961 es,
995 2901 1234 2981 Lydiam
1260 2903 1487 2983 cepisti,
1534 2904 1757 2984 Syriam
1785 2906 2107 2985 occupasti,
2150 2906 2349 2968 Persi-

263 2983 398 3045 dem
441 2994 628 3060 teneS,
671 2985 1012 3050 Bactrianos
1048 2989 1233 3050 habes
1273 2989 1334 3049 in
1376 2998 1685 3069 potestate,
1732 2989 1913 3052 Indos
1949 2991 2185 3071 petisti:
2238 2992 2347 3052 iam
2414 2997 2416 3006 ²

263 3070 436 3132 etiam
473 3072 547 3132 ad
590 3089 804 3151 pecora
843 3081 1049 3134 nostra
1091 3092 1297 3136 avaras
1338 3085 1397 3136 et
1435 3075 1795 3138 insatiabiles
1822 3094 2035 3138 manus
2070 3078 2347 3156 porrigis.

159 3166 246 3228 20
265 3157 422 3230 Quid
455 3156 560 3218 tibi
597 3157 810 3219 divitiis
847 3177 998 3238 opus
1027 3167 1136 3231 est,
1187 3179 1337 3238 quae
1364 3161 1589 3224 esurire
1624 3160 1889 3240 cogunt?
1952 3161 2195 3225 Primus
2226 3181 2345 3224 om·

261 3243 425 3305 nium
445 3242 712 3305 satietate
730 3245 949 3323 parasti
967 3245 1200 3317 samem,
1230 3255 1311 3318 ut,
1335 3265 1449 3326 quo
1472 3249 1637 3327 plura
1658 3248 1930 3322 haberes,
1952 3249 2173 3323 acrius,
2200 3267 2345 3328 quae

40 3363 56 3376 ,
160 3332 242 3395 21
261 3346 385 3391 non
409 3330 614 3403 habes,
643 3347 908 3410 cuperes.
955 3329 1089 3390 Non
1109 3332 1396 3394 succurrit
1418 3333 1541 3407 tibi,
1570 3351 1747 3412 quam
1770 3335 1870 3396 diu
1896 3334 2117 3396 circum
2140 3335 2344 3397 Baetra

261 3411 558 3478 haereas?
600 3414 900 3477 Dumillos
921 3415 1166 3494 subigis,
1187 3417 1468 3496 Sogdiani
1487 3419 1707 3480 bellare
1728 3429 2075 3499 coeperunt.
2120 3421 2345 3484 Beuum

267 3499 370 3560 tibi
395 3519 466 3562 ex
487 3499 726 3563 victoria
750 3501 1024 3564 nascitur.
1070 3503 1216 3564 Nam
1237 3511 1301 3564 ut
1318 3502 1505 3564 maior
1528 3505 1855 3583 fortiorque
1882 3506 1961 3566 sis
1984 3523 2169 3585 quam
2191 3509 2347 3590 quis·

266 3601 460 3663 quam,
489 3594 688 3650 tamen
718 3588 1100 3668 alienigenam
1127 3587 1429 3650 dominum
1456 3590 1573 3670 pati
1604 3607 1781 3650 nemo
1812 3591 1949 3651 vult.
