2417 3900
537 122 683 185 Lm.
721 122 817 183 VI.
863 121 1014 201 (IV.)
1063 124 1225 187 CAP.
1268 125 1341 185 X.
1387 120 1633 185 1—22.
1999 120 2127 183 113

62 240 370 301 Cebalinus
393 259 490 301 me
509 260 634 303 non
655 240 896 315 adisset,
923 240 1070 304 nihil
1091 258 1188 299 me
1214 241 1291 301 dc
1318 242 1633 303 coniuratis
1652 240 1803 301 scire
1831 240 2133 313 vomisset,

58 345 194 387 num
217 326 394 387 hodie
415 326 676 387 dicerem
697 344 968 387 caussam
997 326 1158 387 nullo
1182 344 1275 385 me
1300 324 1677 389 nominante?
1720 326 1965 386 Dimnus
1990 344 2135 387 sane
2150 326 2193 386 9

59 420 114 471 et
135 412 350 473 viveret
383 412 582 475 adbuc
620 418 684 473 et
718 412 880 473 velut
899 410 1040 473 mihi
1082 420 1375 489 parceret·
1416 414 1555 491 quid
1578 408 1806 473 ceteri?
1848 410 1951 489 qui
1972 411 2047 471 de
2068 430 2137 471 se

57 498 504 571 confitebuntur,
545 515 642 559 me
673 491 942 559 videlicet
971 496 1347 559 subtrahent!
1406 498 1655 577 Maligna
1690 505 1781 559 est
1822 496 2139 571 calamitas,

56 592 108 644 et
133 586 258 645 fere
285 584 520 657 noxiuS,
561 602 741 663 quum
768 602 878 645 suo
909 582 1198 663 supplicio
1242 582 1545 658 crucietur,
1588 583 1901 661 acquiescit
1926 582 2141 643 alieno.

53 670 168 731 Tot
193 669 420 730 conscii
445 687 522 729 ne
545 667 606 729 in
633 670 945 749 equuleum
969 670 1206 747 quidem
1223 668 1497 766 impositi
1522 688 1729 729 verum
1758 662 2141 729 fatebuntur?
2162 663 2243 725 lo

53 754 232 834 Atqui
260 772 438 815 nemo
466 753 654 833 parcit
677 754 978 829 morituro,
1005 774 1118 817 nec
1147 753 1417 834 cuiquam
1442 754 1783 828 moriturae,
1821 763 1885 815 ut
1906 753 2142 833 opinor.

183 840 274 899 Ad
299 858 500 901 verum
521 840 739 901 crimen
765 850 826 901 et
841 842 916 901 ad
941 860 1120 903 unum
1143 842 1561 904 revertendum
1580 839 1724 901 mihi
1744 848 1861 901 est:
1888 859 1993 901 cur
2012 857 2143 902 rem
2162 834 2243 897 11

56 923 309 989 delatam
333 926 406 987 ad
433 933 490 986 te
515 924 788 987 tacuisti?
829 946 934 987 cur
955 934 1072 987 tam
1095 946 1343 989 securus
1362 923 1623 989 audisti?
1667 928 1793 987 Hoc
1818 927 2143 1006 qualecun-

54 1028 176 1085 que
217 1018 324 1085 est,
369 1013 642 1073 confesso
685 1012 850 1087 mihi,
896 1011 1233 1091 ubicunque
1278 1020 1387 1089 est,
1430 1012 1785 1087 Alexander,
1828 1011 2140 1075 remisisti:

53 1094 316 1157 dextram
338 1104 494 1159 tuam
515 1098 834 1178 amplexu5‚
857 1098 1215 1160 reconciliati
1235 1099 1449 1178 pignus
1470 1098 1667 1171 animi,
1696 1099 1963 1159 convivio
1986 1116 2141 1176 quo—

32 1198 168 1257 ÷que
187 1182 446 1244 interfui*-
508 1184 572 1245 Si
595 1183 898 1245 credidisti
919 1184 1079 1257 mihi,
1104 1184 1409 1246 absolutus
1432 1204 1583 1258 sum,
1609 1184 1661 1244 si
1687 1183 2025 1263 pepercisti,
2050 1182 2143 1246 di·-
2166 1184 2245 1247 12

53 1266 291 1329 missus·
334 1270 440 1331 Vel
466 1268 746 1330 iudicium
771 1278 940 1331 tuum
967 1288 1158 1331 serva.
1203 1269 1357 1341 Quid
1380 1270 1493 1331 hac
1508 1266 1781 1347 proxima
1808 1276 2000 1339 nocte,
2026 1284 2145 1346 qua

54 1352 358 1431 digressus
389 1372 529 1415 sum
551 1372 584 1413 a
607 1372 818 1415 mensa
842 1362 958 1425 tua,
999 1350 1154 1413 feci?
1191 1355 1351 1431 quod
1385 1372 1605 1415 novum
1630 1352 1857 1413 facinus
1889 1352 2147 1425 delatum

32 1438 124 1521 *ad
143 1448 206 1501 te
225 1439 477 1499 mutavit
491 1438 753 1500 animum
773 1434 986 1498 tuum?
1033 1438 1205 1497 Gravi
1230 1457 1449 1517 sopore
1471 1438 1941 1516 acquiescebam,
1964 1456 2145 1517 quum
2166 1438 2247 1501 13

32 1540 146 1591 me
193 1523 366 1585 malis
410 1522 870 1585 indormientem
919 1522 1066 1583 meis
1109 1522 1331 1583 inimici
1375 1522 1685 1584 vinciendo
1734 1522 2147 1585 excitaverunt.

51 1606 228 1671 Unde
257 1618 318 1670 et
344 1608 673 1688 parricidae
703 1616 764 1669 et
793 1607 1084 1688 proditori
1109 1616 1227 1669 tam
1266 1608 1367 1671 alti
1392 1608 1559 1687 quies
1586 1605 1825 1669 somni?
1869 1606 2151 1670 Scelerati
2169 1608 2251 1671 14

32 1694 424 1769 fcomcientia
447 1694 832 1774 obstrepente
863 1714 1040 1774 quum
1069 1694 1329 1757 dormire
1348 1713 1473 1756 non
1498 1703 1771 1775 possunt,
1796 1694 2019 1772 agitant
2040 1712 2173 1771 eos,

47 1780 270 1853 furiae,
319 1798 442 1841 non
489 1789 898 1843 consummato
919 1781 1134 1855 modo,
1181 1782 1287 1843 sed
1326 1780 1499 1842 etiam
1526 1780 1779 1859 cogitato
1806 1780 2147 1860 parricidio.

31 1865 126 1942 ,At
151 1864 298 1927 mihi
323 1866 696 1929 securitatem
725 1868 976 1947 primum
1006 1865 1341 1929 innocentia
1380 1886 1531 1942 mea,
1566 1866 1781 1928 deinde
1818 1868 2019 1929 dextra
2044 1874 2147 1929 tua

32 1951 420 2034 ,obtulerantz
457 1973 582 2016 non
608 1954 790 2029 timui,
817 1973 892 2014 ne
910 1956 1044 2034 plus
1063 1955 1291 2016 alienae
1316 1955 1641 2016 crudelitati
1662 1954 1817 2033 apud
1840 1963 1897 2015 te
1921 1955 2145 2030 liceret,

31 2041 230 2116 [quam
257 2039 605 2102 clementiae
630 2050 784 2102 tuae.
831 2041 950 2102 Sed
973 2059 1050 2102 ne
1082 2049 1141 2101 te
1167 2040 1311 2101 mihi
1338 2041 1661 2102 credidisse
1693 2039 2011 2117 poeniteat,
2046 2059 2147 2104 res
2168 2044 2250 2106 15

32 2123 124 2194 ¹¹,ad
153 2143 248 2184 me
287 2125 667 2188 deferebatur
698 2144 732 2186 a
754 2144 962 2204 puero,
1003 2125 1105 2204 qui
1136 2143 1257 2186 non
1284 2134 1513 2196 testem,
1558 2143 1683 2184 non
1706 2124 1925 2201 pignus
1948 2125 2150 2186 indicii

35 2210 335 2288 ,exhibere
373 2219 625 2288 poterat,
663 2210 1010 2288 impleturus
1042 2227 1251 2273 omnes
1288 2218 1467 2282 metu,
1508 2208 1561 2268 si
1608 2207 1901 2285 coepisset
1934 2208 2149 2269 audiri.

32 2295 356 2370 ,Amatoris
395 2304 453 2354 et
496 2295 676 2356 scorti
707 2294 894 2372 iurgio
931 2294 1233 2372 interponi
1264 2311 1438 2353 aures
1474 2309 1639 2352 meas
1675 2291 1899 2353 credidi
1930 2292 2149 2364 infelix,
2170 2293 2254 2356 16

32 2377 110 2456 ,et
133 2380 320 2440 fldem
349 2378 476 2440 eius
497 2387 832 2459 suspectam
858 2377 1054 2448 habui,
1093 2379 1253 2456 quod
1286 2395 1409 2438 non
1432 2377 1563 2456 ipse
1591 2377 1863 2451 deferret,
1901 2376 2009 2436 sed
2032 2377 2151 2436 fra-

35 2460 214 2526 Jtrem
249 2463 452 2544 potius
475 2465 846 2528 subornaret.
889 2462 1098 2538 Timui,
1137 2481 1215 2522 ne
1249 2471 1497 2542 negaret
1526 2462 1843 2524 mandasse
1879 2480 2013 2522 sese
2038 2462 2151 2524 Ce-
2173 2462 2257 2526 17

32 2547 260 2638 ξνὶιειΙιιι
249 2588 282 2644 ³
331 2559 390 2612 et
436 2569 546 2628 ego
587 2549 820 2612 viderer
863 2549 1062 2610 multis
1107 2547 1431 2611 amicorum
1468 2548 1628 2628 regis
1676 2547 1859 2609 fuisse
1905 2545 2151 2647 periculi

34 2633 296 2726 caussa
360 2636 460 2698 Sic
485 2655 724 2716 quoque
749 2653 927 2715 quum
954 2634 1226 2697 laeserim
1248 2634 1566 2709 neminem,
1590 2633 1804 2709 inveni,
1830 2633 1931 2713 qui
1953 2634 2153 2697 mallet
2171 2633 2253 2696 18

32 2703 260 2814 {perire
284 2739 380 2782 me
403 2741 578 2801 quam
600 2722 958 2786 incolumem
981 2739 1140 2782 esse:
1165 2710 1307 2800 quid
1331 2719 1761 2783 inimicitiarum
1786 2719 2025 2782 creditis
2046 2740 2151 2782 ex-

32 2817 372 2900 capturum
409 2808 610 2883 fuisse,
657 2809 708 2870 si
740 2808 1008 2870 insontes
1042 2803 1461 2870 lacessissem?
1502 2809 1578 2869 At
1617 2805 1774 2868 enim
1800 2806 2047 2870 Dimnus
2082 2826 2153 2870 se
2172 2806 2250 2869 1⁹

31 2862 295 2959 occidit.
339 2893 494 2958 Num
515 2895 694 2973 igitur
717 2896 1004 2958 facturum
1039 2912 1176 2964 eum
1209 2894 1471 2957 divinare
1499 2889 1705 2972 potui?
1744 2891 2002 2956 Minime.
2062 2894 2151 2958 Ita

31 2975 222 3062 ἷέ]ιιοᾱ
243 2980 444 3041 ‘solum
471 2980 688 3044 indicio
710 2983 888 3044 fidem
924 2979 1076 3054 fecit,
1117 2979 1178 3041 id
1218 2999 1332 3056 me,
1356 2997 1555 3058 (]ιιιιιιι
1594 2997 1631 3039 a
1657 2979 1937 3042 Cebalino
1962 2981 2147 3042 inter-

37 3067 314 3152 1pellatus
341 3085 492 3138 sum,
528 3087 766 3130 movere
789 3088 912 3130 non
938 3074 1190 3146 poterat.

198 3151 270 3212 At
294 3152 550 3228 hercule,
591 3155 640 3216 si
671 3154 944 3218 conscius
967 3154 1180 3214 Dimno
1213 3152 1355 3214 tanti
1380 3149 1620 3213 sceleris
1660 3151 1919 3225 fuissem,
1962 3149 2147 3211 biduo
2165 3147 2253 3210 20

31 3212 162 3333 {stillo
202 3237 472 3316 proditos
503 3259 636 3302 esse
671 3260 800 3316 noS,
852 3239 1223 3302 dissimulare
1254 3258 1377 3302 non
1414 3237 1620 3298 debui:
1662 3237 1975 3300 Cebalinus
2018 3234 2149 3310 ipse

32 3297 189 3424 'Jwtolli
227 3324 303 3383 de
338 3325 537 3386 medio
573 3288 848 3405 nulloque
875 3327 1112 3404 negotio
1148 3325 1359 3406 potuit.
1417 3321 1693 3402 Denique
1729 3331 1865 3403 post
1886 3319 2149 3380 delatum
2164 3315 2249 3378 21

32 3386 368 3508 ξίιιᾱίεὶιιιιι,
415 3429 532 3489 quo
559 3411 862 3510 ‘periturus
907 3429 1092 3483 eram,
1138 3411 1469 3474 cubiculum
1506 3408 1665 3486 regis
1712 3408 1873 3468 solus
1914 3401 2149 3476 intravi,

51 3493 226 3587 terro
256 3495 496 3574 quidem
521 3497 761 3558 cinctus.
831 3497 950 3557 Cur
981 3495 1178 3558 distuli
1215 3490 1485 3557 facinus?
1527 3512 1605 3554 an
1630 3491 1759 3554 sine
1783 3490 1995 3550 Dimno
2022 3506 2149 3550 non

69 3595 202 3640 sum
229 3579 460 3642 ausus?
523 3585 626 3646 Ille
665 3583 840 3662 igitur
874 3575 1180 3668 princeps
1191 3578 1612 3644 coniurationis
1636 3576 1762 3721 igit.
1828 3572 1953 3636 suh
1992 3574 2149 3638 iuius
2165 3568 2252 3634 22

31 3649 52 3684 ³
184 3678 388 3724 cursus.

65 3783 82 3876 l
