2417 3900
588 96 731 158 Lm.
767 96 887 157 vn.
931 94 1053 176 (V.)
1090 96 1249 159 cAr.
1281 98 1328 160 1.
1371 95 1663 161 14—35.
2053 96 2171 159 121

108 234 250 280 sens
272 212 453 277 movit
478 214 739 275 affectioz
778 214 959 275 modo
984 214 1209 277 Indiam
1237 217 1396 277 adire
1421 227 1480 281 et
1505 235 1792 280 oceanum
1817 218 1976 292 libet,
2001 218 2182 280 modo

106 302 421 379 coniugum
456 308 515 361 et
540 300 863 361 liberorum
901 298 1244 380 patriaeque
1277 302 1558 365 memoria
1595 303 1868 366 occurrit.
1929 304 2046 365 Sed
2072 304 2181 365 has
2200 300 2284 361 25

100 385 505 468 cogitationeS,
525 387 632 447 has
653 385 808 446 inter
826 402 893 445 se
908 382 1362 464 colloquentium
1381 407 1551 451 voces
1567 389 1802 468 signum
1822 388 1966 451 tuba
1988 390 2182 451 datum

94 474 261 537 finit:
305 471 369 533 in
406 491 549 533 suos
580 470 821 533 ordines
850 470 1100 550 quisque
1128 472 1454 547 currimuss
1482 483 1540 535 et
1573 474 1858 556 quidquid
1881 475 2100 537 irarum
2121 476 2184 537 in

92 558 485 623 tabernaculo
509 564 853 637 conceptum
875 564 981 630 est,
1004 557 1067 617 in
1086 558 1348 619 hostium
1369 560 1683 623 effunditur
1701 561 1908 642 capita.
1952 560 2183 623 Utinam
2201 565 2286 627 26

89 646 361 710 Philotas
388 661 623 721 quoque
650 643 801 703 intra
830 643 1005 704 verba
1030 642 1366 722 peccasset!

224 728 489 792 Proinde
517 727 591 788 ad
610 728 671 789 id
696 738 974 803 revertar,
999 737 1248 810 propter
1273 729 1432 810 quod
1457 726 1546 791 rei
1571 747 1794 793 sumus.
1838 728 2183 803 Amicitiam,

90 833 251 896 quae
284 813 457 876 nobis
492 833 621 875 cum
643 812 869 877 Philota
897 813 1023 891 ruit,
1060 817 1211 878 adeo
1246 835 1368 878 non
1407 834 1476 877 eo
1517 813 1751 892 infitias,
1787 823 1852 877 ut
1889 815 2184 896 expetisse

19 926 29 955 .·
90 919 339 981 quoque
369 919 479 961 nos
514 919 873 981 magnosque
897 919 965 963 ex
1000 920 1069 963 ea
1094 904 1320 965 fructus
1341 902 1688 983 percepisse
1723 902 2022 965 confitear.
2089 902 2182 963 An
2203 904 2288 967 27

19 984 21 1001 ²
92 1006 241 1048 vero
264 985 682 1062 ParmenioniS,
710 1005 881 1066 quem
907 987 1011 1050 tibi
1038 988 1368 1068 proximum
1395 1006 1528 1051 esse
1550 986 1801 1065 voluisti,
1823 987 2025 1063 filium,
2041 1004 2182 1049 ‘om-

86 1093 205 1135 nes
225 1092 412 1152 paene
431 1073 651 1135 amicos
675 1079 811 1135 tuos
832 1074 1167 1152 dignatione
1184 1075 1536 1149 vincentem,
1558 1075 1780 1136 cultum
1797 1092 1832 1135 a
1850 1074 2024 1136 nobis
2049 1091 2184 1135 esse

86 1159 325 1221 miraris
339 1154 373 1219 ἵ)
416 1159 507 1221 Tu
526 1159 785 1234 hercule,
812 1160 865 1220 si
888 1178 1093 1221 verum
1118 1162 1326 1222 audire
1341 1161 1448 1235 vis,
1471 1178 1596 1234 rex,
1619 1159 1798 1221 huius
1823 1158 2000 1220 nobis
2024 1158 2184 1237 peri-
2201 1160 2287 1221 28

88 1245 208 1311 culi
230 1262 293 1305 es
318 1263 546 1307 caussa.
590 1244 735 1317 Quis
764 1244 920 1305 enim
947 1244 1095 1306 alius
1122 1246 1332 1319 effecit,
1365 1255 1432 1307 ut
1464 1245 1538 1305 ad
1573 1244 1865 1306 Philotam
1905 1244 2186 1304 decurre-

86 1340 248 1405 rent,
287 1330 388 1409 qui
421 1330 653 1409 placere
688 1330 905 1390 vellent
936 1326 1086 1391 tibi?
1148 1331 1240 1392 Ab
1275 1331 1372 1391 illo
1406 1327 1604 1390 traditi
1635 1329 1712 1390 ad
1742 1328 1905 1390 bunc
1939 1330 2186 1407 gradum

84 1416 379 1497 amicitiae
403 1424 539 1477 tuae
562 1413 958 1475 ascendimus·
1022 1414 1081 1475 Is
1106 1415 1265 1495 apud
1289 1422 1350 1475 te
1376 1413 1502 1488 fuit,
1543 1412 1708 1474 cuius
1732 1412 1978 1492 gratiam
2006 1433 2186 1494 expe-

81 1513 219 1567 tere
239 1509 300 1563 et
318 1501 469 1562 iram
486 1499 697 1561 timere
720 1517 1053 1577 possemus,
1098 1502 1189 1562 Au
1211 1518 1336 1561 non
1352 1499 1784 1579 propemodum
1803 1499 1872 1560 in
1891 1506 1992 1561 tua
2008 1500 2185 1561 verba
2204 1500 2286 1561 29

81 1588 177 1651 tui
202 1605 413 1648 omnes
438 1594 497 1645 te
520 1593 845 1664 praeeunte
865 1584 1209 1661 iuravimuS,
1236 1586 1478 1647 eosdem
1505 1603 1619 1647 nos
1640 1582 1910 1647 inimicos
1935 1585 2188 1647 amicos-

82 1662 213 1755 que
238 1670 547 1733 habituros
575 1684 727 1745 esse,
763 1689 912 1751 quos
938 1679 1005 1733 tu
1034 1668 1339 1735 haberes?
1380 1672 1512 1733 Hoc
1547 1681 1916 1733 sacramento
1950 1670 2186 1752 pietatis

82 1755 369 1821 obstricti
406 1773 809 1818 aversaremur
844 1757 1085 1833 scilicet,
1134 1778 1316 1840 quem
1352 1767 1417 1820 tu
1458 1756 1735 1821 omnibus
1773 1758 2182 1839 praeferebas.

76 1843 284 1924 Igitur
306 1842 357 1903 si
378 1842 495 1903 hoc
513 1843 732 1907 crimen
760 1851 867 1919 est,
894 1862 1119 1924 paucos
1139 1846 1487 1909 innocentes
1511 1844 1714 1921 habes,
1736 1843 1920 1907 immo
1943 1846 2184 1907 hercule
2203 1840 2287 1905 30

78 1929 412 1994 neminem.
478 1928 697 1992 Omnes
728 1930 884 1992 enim
906 1931 1171 1996 Philotae
1194 1933 1366 1996 amici
1393 1951 1528 1995 esse
1553 1932 1882 2010 voluerunt,
1910 1933 2016 1995 sed
2043 1932 2184 1998 toti-

80 2020 247 2090 dem,
284 2023 425 2096 quot
450 2017 725 2079 volebant
759 2036 913 2092 esse,
949 2039 1067 2080 non
1092 2027 1386 2100 poterant.
1433 2019 1517 2081 Ita
1551 2018 1602 2080 si
1628 2037 1662 2079 a
1685 2017 1938 2081 consciis
1965 2019 2184 2081 amicos

78 2122 215 2166 non
240 2101 469 2177 dividis,
513 2123 588 2166 ne
624 2104 697 2165 ab
721 2103 925 2164 amicis
960 2106 1196 2182 quidem
1225 2103 1531 2186 separabis
1556 2104 1707 2175 illos,
1742 2105 1844 2183 qui
1863 2103 2022 2164 id'em
2051 2122 2186 2164 esse

80 2189 421 2250 voluerunt.
485 2188 657 2261 Quod
683 2189 861 2266 igitur
888 2190 1282 2251 conscientiae
1305 2191 1546 2250 affertur
1577 2183 1906 2250 indicium?
1948 2188 2028 2249 Ut
2057 2187 2186 2266 opi·
2204 2191 2286 2254 31

83 2293 225 2346 nor,
252 2273 389 2352 quia
410 2274 601 2352 pridie
626 2272 983 2334 familiariter
1002 2283 1062 2334 et
1078 2274 1209 2334 sine
1231 2273 1466 2336 arbitris
1484 2273 1716 2334 locutus
1745 2281 1838 2334 est
1854 2264 2188 2334 nobiscum.

82 2366 166 2422 At
192 2377 306 2437 ego
338 2377 593 2438 purgare
620 2377 739 2419 non
774 2376 1031 2437 possem,
1072 2359 1122 2419 si
1154 2359 1346 2439 pridie
1381 2357 1698 2437 quidquam
1736 2376 1809 2418 ex
1840 2366 2038 2418 vetere
2072 2357 2189 2419 vita

86 2466 165 2508 ac
190 2462 361 2506 more
385 2453 726 2505 mutassem.
770 2443 945 2505 Nunc
966 2463 1127 2517 vero,
1152 2445 1222 2518 si,
1251 2457 1315 2507 ut
1338 2443 1618 2505 omnihus
1649 2443 1878 2518 diebus,
1914 2443 2014 2504 illo
2038 2463 2187 2524 quo-

86 2549 234 2613 que,
264 2529 366 2609 qui
392 2539 703 2611 suspectus
732 2538 839 2604 est,
867 2529 1128 2603 fecimnm,
1154 2530 1520 2592 consuetudo
1547 2529 1728 2592 diluet
1751 2530 1993 2592 crimen.

226 2615 345 2676 Sed
378 2633 562 2695 equos
586 2615 902 2696 Antiphani
936 2635 1057 2677 non
1087 2617 1376 2692 dedimus,
1415 2625 1472 2678 et
1497 2616 1687 2696 pridie
1724 2634 1897 2696 quam
1923 2615 2182 2679 Philotas
2204 2623 2285 2688 32

90 2704 367 2765 detectus
393 2711 501 2777 est,
535 2704 681 2764 haec
702 2702 847 2764 mihi
871 2721 1001 2764 cum
1032 2703 1365 2782 Antiphane
1389 2721 1488 2764 res
1518 2711 1659 2765 erat.
1715 2703 1829 2776 Qui
1857 2703 1908 2765 si
1938 2723 2047 2765 nos
2074 2725 2183 2766 su-

87 2795 338 2868 spectos
364 2789 557 2851 facere
588 2790 728 2864 vult,
779 2789 937 2869 quod
962 2788 1063 2850 illo
1098 2789 1193 2850 die
1219 2807 1403 2869 equos
1439 2807 1562 2852 non
1599 2789 1954 2865 dederimuS,
1993 2801 2183 2852 semet

88 2876 315 2955 ipsum,
370 2876 531 2954 quod
568 2894 675 2938 eos
718 2874 1153 2950 desideraverit,
1197 2893 1454 2954 purgare
1488 2895 1610 2936 non
1647 2876 1881 2956 poterit.
1946 2878 2179 2958 Anceps
2201 2879 2284 2942 33

90 2960 259 3022 enim
286 2959 509 3022 crimen
534 2970 622 3026 est
642 2962 796 3024 inter
818 2961 1171 3024 retinentem
1196 2969 1258 3022 et
1281 2961 1625 3041 exigentem,
1651 2961 1762 3023 nisi
1787 2965 1944 3043 quod
1973 2966 2182 3026 melior

92 3057 191 3108 est
210 3061 417 3108 caussa
434 3065 607 3110 suum
624 3067 747 3110 non
764 3048 1049 3110 tradentis
1070 3066 1246 3128 quam
1261 3047 1562 3128 poscentis
1581 3047 1852 3112 alienum.
1889 3051 2178 3124 Ceterum,
2199 3049 2285 3111 34

90 3149 221 3207 rex,
252 3149 435 3212 equos
461 3133 664 3196 decem
688 3134 882 3210 habui,
911 3152 944 3194 e
968 3136 1100 3213 quis
1118 3133 1482 3214 Antiphanes
1512 3142 1645 3198 octo
1665 3134 1778 3197 iam
1807 3136 2182 3199 distribuerat

88 3218 211 3290 hie,
234 3218 331 3297 qui
352 3218 667 3282 amiserant
683 3239 843 3283 suos,
891 3218 1145 3300 Omnino
1166 3221 1319 3283 duos
1337 3223 1468 3303 ipse
1485 3221 1800 3286 habebam:
1827 3241 1975 3302 quos
2000 3237 2179 3299 quum

87 3305 275 3366 vellet
316 3303 608 3367 abducere
645 3306 825 3367 homo
870 3305 1350 3386 superbissimus,
1395 3315 1553 3372 certe
1595 3309 2020 3389 iniquissimuS‚
2065 3303 2180 3363 nisi

90 3389 289 3472 pedes
314 3391 565 3453 militare
589 3393 815 3467 vellem,
856 3392 1109 3456 retinere
1144 3395 1418 3475 cogebar.
1471 3395 1596 3458 Nec
1628 3395 1842 3457 infitias
1880 3409 1971 3462 eo,
2012 3388 2179 3451 liberi
2198 3389 2281 3451 35

96 3475 361 3539 hominis
387 3476 581 3539 animo
606 3479 911 3559 loquutum
940 3497 1074 3542 esse
1094 3499 1193 3542 me
1223 3499 1354 3544 cum
1379 3480 1756 3561 ignavissimo
1781 3485 1840 3538 et
1857 3475 1973 3536 hoc
1996 3492 2182 3539 unum

98 3563 341 3626 militiae
376 3582 519 3628 suae
544 3571 885 3648 usurpante,
921 3573 987 3630 ut
1010 3565 1234 3632 alienos
1259 3585 1443 3650 equos
1469 3562 1816 3648 pugnaturis
1851 3560 2182 3627 distribuat.
