2417 3900
520 76 663 139 LIB.
707 76 855 141 VIII.
901 76 1050 156 (Vl.)
1078 77 1255 139 ·C·AP.
1297 78 1345 139 1.
1391 75 1684 137 31-52,
2007 75 2126 138 151

87 200 190 268 lur3
228 190 599 271 Lysimachus
632 204 691 259 et
712 196 1053 256 Leonnatus
1090 195 1262 255 etiam
1279 196 1558 265 ,lanceam
1587 194 1966 257 abstulerant.
2034 197 2140 259 Ille
2157 210 2246 269 47

72 277 304 341 militum
334 276 510 343 fidem
539 282 861 360 implorans
890 280 1314 359 comprehendi
1342 299 1406 341 se
1438 299 1471 340 a
1492 279 1776 359 proximis
1799 279 2139 358 amicorum,

75 364 214 443 quod
244 362 431 425 Dareo
459 386 649 445 nuper
670 365 999 437 accidisset,
1026 365 1326 438 exclamat,
1366 366 1712 445 signumque
1737 367 1876 426 tuba
1906 367 2050 440 dari,
2073 380 2143 431 ιι

67 450 135 509 ad
156 448 379 527 regiam
404 452 610 513 armati
638 450 883 524 coirent,
924 449 1104 511 iubet.
1172 450 1322 510 Tum
1350 468 1488 511 vero
1509 452 1878 512 Ptolemaeus
1913 459 1972 512 et
1998 452 2142 514 Per*-
2159 460 2246 522 48

68 534 255 595 diceas
278 537 531 612 genibus
552 536 813 600 advoluti
834 544 1022 610 orant,
1048 554 1127 597 ne
1146 534 1207 595 in
1231 542 1350 595 tam
1371 537 1672 616 praecipiti
1689 538 1778 599 ira
1800 550 2146 617 perseveret

64 621 432 701 spatiumque
462 622 661 715 potius
691 621 883 683 animo
914 622 1041 683 det:
1084 620 1280 682 omnia
1317 629 1560 700 postero
1594 622 1688 682 die
1726 623 1938 683 iustius
1973 640 2148 683 exse-

62 717 399 785 quuturum.
444 704 559 769 Sed
591 708 821 769 clausae
852 715 1018 771 erant
1042 724 1217 769 aures
1242 706 2048 786 obstrepenteira.1taque
2031 726 2148 769 un·-
2165 713 2250 775 49

58 799 279 870 potens
314 793 493 854 animi
521 794 808 873 percurrit
834 792 897 855 in
935 792 1132 871 regiae
1172 792 1524 855 vestibulum
1552 801 1609 853 et
1647 792 1798 871 vigili
1838 794 2152 856 excubanti

54 877 233 937 basta
265 874 453 942 ablata
480 879 735 944 constitit
766 878 831 941 in
856 878 1039 953 aditu,
1090 898 1207 957 quo
1239 898 1490 941 necesse
1527 886 1655 940 erat
1682 878 1796 952 his,
1842 880 1940 961 qui
1971 878 2149 941 simul

60 974 468 1039 coenaveranc
498 965 717 1044 egredi.
760 964 1041 1027 Abierant
1066 964 1268 1027 ceteri.
1317 964 1496 1029 Clitus
1518 964 1754 1026 ultimus
1777 965 1903 1025 sine
1923 965 2147 1028 lumine
2165 964 2250 1029 50

56 1046 276 1107 exibat.
324 1050 507 1121 Quem
534 1066 657 1125 rex,
706 1050 972 1131 quisnam
1003 1059 1178 1125 esset,
1221 1050 1572 1137 interrogat.
1632 1051 1944 1113 Eminebat
1969 1051 2146 1113 etiam
2225 1049 2250 1061 ‘

54 1131 119 1191 in
145 1150 293 1193 voce
316 1136 577 1211 sceleris,
616 1137 775 1215 quod
804 1136 1069 1215 parabat,
1107 1136 1400 1199 atrocitas.
1463 1137 1540 1199 Ει
1545 1127 1700 1197 ille
1685 1156 1796 1197 iam
1825 1154 1948 1195 non
1983 1154 2147 1207 suae,
2168 1136 2254 1197 51

56 1218 165 1277 sed
192 1220 497 1296 regisirae
522 1238 750 1283 memor
773 1221 982 1282 Clitum
1010 1237 1141 1281 esse
1167 1232 1228 1283 et
1247 1222 1324 1281 de
1351 1221 1614 1281 convivio
1641 1222 1797 1279 exire
1819 1219 2152 1298 respondit.

57 1302 220 1365 Haec
240 1303 487 1369 dicentis
505 1306 659 1369 latus
676 1306 850 1367 hasta
866 1304 1179 1377 transfixit,
1198 1306 1622 1383 morientisque
1641 1304 1924 1381 sanguine
1942 1322 2152 1384 asper-
2172 1303 2256 1367 52

58 1407 180 1464 suS,
224 1390 251 1449 l
281 1410 459 1465 nunc,
492 1390 701 1469 inquit,
731 1390 804 1451 ad
828 1388 1183 1486 Philippum
1195 1399 1255 1451 et
1277 1388 1724 1451 Parmenienem
1747 1398 1810 1450 et
1833 1390 2112 1451 Attalum.

178 1476 350 1556 Cap.
375 1476 451 1537 11.
497 1477 647 1537 Male
668 1474 983 1537 humanis
966 1471 1219 1552 ingeniis
1251 1480 1460 1534 natura
1485 1474 1798 1545 consuluit,
1843 1476 2000 1552 quod
2025 1476 2153 1554 ple·
2175 1478 2214 1543 1

52 1578 310 1639 rumque
336 1580 469 1623 non
500 1563 726 1635 futura,
778 1561 885 1621 sed
921 1570 1215 1622 transacta
1248 1558 1691 1639 perpendimuS.
1758 1558 1992 1639 Quippe
2029 1578 2156 1633 rex,

48 1655 379 1725 postquam
406 1646 491 1707 ira
518 1654 715 1708 mente
743 1646 1093 1719 decesserat,
1124 1644 1298 1707 etiam
1325 1645 1608 1707 ebrietate
1633 1644 1895 1706 discussa
1923 1642 2158 1725 magni·

48 1731 331 1793 tudinem
360 1732 637 1793 facinoris
660 1750 793 1793 sera
816 1730 1220 1793 aestimatione
1245 1731 1562 1829 perspexit.
1603 1730 1852 1793 Videbat
1875 1738 2016 1793 tnnc
2039 1731 2156 1793 im·-
2172 1734 2216 1796 2

44 1815 303 1879 modica
326 1817 597 1879 libertate
624 1818 891 1892 abusum,
932 1818 1041 1879 sed
1070 1817 1328 1897 alioquin
1355 1816 1651 1897 egregium
1678 1817 1832 1879 hello
1859 1817 2047 1880 virum
2076 1824 2155 1891 et,

48 1901 176 1964 nisi
201 1900 583 1966 erubesceret
604 1904 789 1978 fateri,
816 1913 1174 1968 servatorem
1198 1904 1291 1967 sui
1317 1904 1598 1967 occisum.
1641 1903 1998 1966 Detestabile
2021 1920 2156 1969 car·

50 1987 255 2050 nificis
293 1989 679 2053 ministerium
706 1999 1095 2072 occupaverat
1123 2009 1248 2064 rex,
1293 1991 1608 2062 verborum
1643 1991 1956 2064 licentiam,
2001 2007 2156 2070 quae

50 2075 197 2136 vino
227 2083 459 2154 poterat
482 2077 777 2156 imputari,
801 2076 1061 2139 nefanda
1086 2076 1266 2137 caede
1291 2077 1468 2136 ultuS.
1523 2075 1801 2136 Manabat
1823 2084 1950 2136 toto
1979 2075 2156 2136 vesti-
2173 2081 2216 2143 3

53 2159 205 2220 bulo
238 2178 413 2222 cruor
448 2163 625 2240 paulo
661 2170 795 2224 ante
830 2161 1136 2223 convivae:
1179 2159 1380 2238 vigiles
1417 2158 1648 2219 attoniti
1685 2167 1742 2218 et
1779 2159 2156 2237 stupentibus

57 2244 293 2306 similes
319 2246 528 2324 procul
553 2247 805 2319 stabant,
846 2246 1300 2324 liberioremque
1324 2241 1744 2323 poenitentiam
1769 2243 2027 2303 solitudo
2055 2259 2161 2301 ex-

62 2330 351 2410 cipiebat.
420 2331 579 2410 Ergo
612 2331 843 2392 hastam
874 2349 948 2392 ex
969 2347 1225 2409 corpore
1255 2327 1504 2390 iacentis
1539 2328 1798 2387 evolsam
1832 2327 2072 2387 retorsit
2093 2326 2160 2388 in
2177 2335 2219 2393 4

55 2425 287 2490 semet3
324 2415 561 2496 iamque
584 2418 923 2478 admoverat
946 2415 1189 2495 pectori,
1234 2431 1412 2493 quum
1439 2411 1714 2476 advolant
1735 2411 1940 2490 vigiles
1979 2420 2036 2474 et
2061 2427 2162 2472 re·-

56 2502 359 2580 pugnanti
386 2521 419 2562 e
456 2501 729 2564 manibus
772 2507 1121 2580 extorquent
1162 2499 1582 2578 allevatumque
1617 2497 1682 2559 in
1715 2497 2160 2560 tabernaculum

56 2588 366 2649 deferunt.
408 2587 509 2649 Ille
531 2588 695 2650 humi
712 2594 1109 2667 prostraverat
1128 2605 1363 2664 corpus,
1391 2584 1610 2666 gemitu
1629 2583 1960 2665 eiulatuque
1979 2584 2159 2646 mise·-
2180 2589 2218 2650 5

56 2673 239 2734 rabili
268 2681 451 2734 totam
487 2689 819 2753 personans
844 2672 1087 2752 regiam.
1148 2672 1397 2734 Laniare
1431 2671 1644 2732 deinde
1682 2688 1750 2732 os
1777 2671 2074 2750 unguibus
2101 2679 2162 2734 et

58 2759 523 2822 circumstantes
550 2777 778 2838 rogare,
806 2777 883 2821 ne
904 2777 971 2820 se
995 2766 1159 2820 tanto
1187 2757 1466 2820 dedecori
1489 2758 1867 2837 superstitem
1893 2775 2028 2820 esse
2051 2775 2161 2838 pa·—

56 2853 359 2906 terentur.
403 2844 565 2907 Inter
582 2846 691 2906 has
711 2864 921 2925 preces
942 2853 1061 2908 tota
1080 2861 1198 2906 nox
1221 2852 1474 2906 extracta
1493 2853 1604 2905 est.
1650 2843 2158 2924 scrutantemque,
2179 2846 2222 2906 6

58 2947 209 2990 num
230 2929 325 2990 ira
346 2930 590 2993 deorum
608 2931 684 2994 ad
706 2941 936 2997 tantum
956 2931 1125 2994 nefas
1142 2938 1306 2992 actus
1327 2938 1498 3003 esset,
1518 2929 1678 2992 subit
1697 2930 2163 2993 anniversarium

56 3015 425 3079 sacrificium
444 3015 659 3082 Libero
680 3017 837 3083 Patri
856 3037 979 3080 non
1004 3034 1139 3078 esse
1154 3015 1450 3078 redditum
1473 3022 1688 3076 statuto
1711 3025 2002 3096 tempore.
2044 3016 2164 3078 lta-

62 3120 185 3178 que
214 3101 379 3164 inter
403 3103 601 3166 vinum
622 3111 681 3164 et
702 3103 903 3183 epulas
927 3101 1107 3164 caede
1136 3100 1450 3164 commissa
1473 3100 1621 3162 iram
1645 3100 1740 3162 dei
1767 3103 1946 3166 fuisse
1971 3101 2162 3164 mani·-

62 3188 318 3248 sestam.

200 3272 479 3333 Ceterum
506 3245 693 3348 magis
720 3289 793 3332 eo
816 3271 1177 3344 movebatur,
1204 3269 1363 3348 quod
1393 3267 1654 3331 omnium
1685 3271 2005 3340 amicorum
2035 3265 2163 3326 aniz-
2179 3269 2224 3332 7

56 3375 205 3420 mos
242 3357 499 3430 videbat:
518 3355 827 3420 attnnitos:
877 3356 1174 3418 neminem
1210 3373 1344 3419 cum
1387 3353 1520 3432 ipso
1559 3355 1785 3414 sociare
1826 3369 2163 3413 sermonem

59 3452 293 3521 postea
312 3459 626 3506 ausurum:
656 3439 969 3502 vivendum
986 3458 1121 3502 esse
1138 3439 1203 3500 in
1227 3438 1544 3501 solitudine
1566 3439 1724 3498 velut
1741 3440 1899 3497 ferae
1915 3436 2164 3511 bestiae,

62 3530 325 3592 terrenti
356 3527 517 3603 alias,
546 3526 686 3591 alias
717 3525 963 3588 timenti.
1018 3525 1214 3587 Prima
1237 3523 1452 3586 deinde
1474 3523 1604 3584 luce
1627 3520 2005 3583 tabernaculo
2031 3539 2166 3584 cor·
2183 3519 2231 3580 8
