2417 3900
410 182 413 187 .
508 134 653 199 tte.
693 138 817 199 vu.
861 136 989 216 (v.)
1033 136 1192 198 mr.
1235 136 1336 198 xl.
1384 134 1630 199 1—16.
1691 180 1714 195 κ
1986 136 2110 197 145

62 253 211 315 Prius
223 263 417 316 tamen
436 272 609 333 quam
634 256 927 339 [ortanam
948 255 1274 315 obsidionis
1297 258 1682 335 experiretur,
1706 254 1948 334 Cophen
1967 253 2109 335 (Ar-
2125 256 2170 318 6

60 340 219 399 taba'zi
240 340 337 401 bic
360 340 509 401 lilius
534 340 691 418 erat)
715 341 873 402 misit
888 342 962 401 ad
982 340 1288 414 barbaros,
1311 343 1409 419 qui
1427 344 1718 409 suaderet,
1745 351 1810 403 ut
1827 341 2110 405 dederent

55 442 261 503 rupem.
327 426 629 487 Arimazes
657 427 785 486 loco
812 428 997 487 fretus
1020 426 1278 504 superbe
1309 428 1483 487 multa
1505 427 1828 507 respondit,
1875 426 1951 486 ad
1979 426 2111 487 ulti-

54 528 210 582 mum,
254 530 331 571 an
371 511 703 571 Alexander
740 512 933 571 volare
954 511 1175 590 possit,
1219 512 1560 589 interrogat.
1627 516 1793 585 Quae
1833 509 2170 581 nunciatafi
2209 511 2214 516 ’

54 597 157 673 regi
182 595 267 656 sic
288 596 615 659 accendere
640 596 919 669 animum,
948 606 1013 657 ut
1036 596 1332 670 adhibitis,
1375 616 1505 658 cum
1533 598 1746 675 quibus
1771 596 2112 671 consultare

54 692 159 741 erat
184 682 411 753 solituS,
440 679 726 743 indicaret
751 681 1119 743 insolentiam
1148 682 1399 756 barbari,
1437 682 1730 743 eludentis
1756 683 1940 761 ipsos,
1975 681 2114 762 quia

54 765 247 842 pinnas
276 785 394 827 non
428 766 729 828 baberent.
798 768 877 829 Se
902 777 1098 828 autem
1133 768 1398 847 proxima
1441 777 1614 828 nocte
1641 770 2000 841 effecturum,
2045 774 2112 829 ut

54 853 301 913 :rederet
324 854 671 915 Macedo-nes
699 850 867 915 etiam
897 855 1109 914 volare.
1154 854 1498 926 Trecentos,
1534 853 1741 932 inquit,
1767 852 2107 932 pernicissi·
2125 858 2164 919 ‘7

54 955 165 995 nos
204 937 439 999 iuvenes
478 956 549 999 ex
586 937 709 999 suis
746 938 995 1019 quisque
1036 939 1220 1017 copiis
1261 939 1570 1019 perducite
1603 940 1676 1004 ad
1701 957 1816 1013 me,
1863 939 1963 1019 qui
1997 956 2110 1023 per

54 1022 209 1081 {alles
250 1030 309 1081 et
343 1040 528 1101 paene
563 1022 746 1084 invias
780 1044 961 1104 rupes
1001 1023 1161 1085 domi
1194 1042 1410 1103 pecora
1447 1040 1624 1103 agere
1667 1024 2106 1087 consueverint.

55 1106 108 1165 lli
135 1118 502 1185 praestantes
522 1119 579 1169 et
601 1110 831 1171 levitate
858 1128 1172 1188 corporum
1198 1120 1258 1170 et
1277 1112 1488 1172 ardore
1511 1110 1840 1170 animorum
1865 1120 2108 1170 strenue
2125 1110 2168 1172 8

54 1193 339 1264 Jdducunt,
376 1213 526 1272 quos
552 1194 789 1255 intuens
815 1214 937 1267 rex,
974 1194 1310 1263 Vobiscum,
1346 1196 1552 1274 inquit,
1579 1214 1616 1267 o
1641 1193 1884 1254 iuvenes
1911 1202 1972 1253 et
1995 1192 2113 1253 mei

54 1279 317 1355 equales,
346 1279 581 1340 urbium
600 1278 946 1340 invictarum
970 1288 1106 1339 ante
1126 1280 1487 1340 munimenta
1511 1278 1802 1356 superavi,
1823 1276 2112 1339 montium

54 1382 149 1439 uga
170 1364 426 1441 perenni
447 1365 579 1425 nive
600 1364 811 1425 obruta
830 1382 1109 1423 emensus
1132 1379 1287 1435 sum,
1310 1364 1612 1441 angustias
1631 1362 1862 1423 Ciliciae
1883 1362 2110 1438 intravi,

54 1449 219 1509 udiae
242 1449 376 1509 sine
400 1448 750 1509 lassitudine
785 1448 899 1507 vim
924 1446 1159 1525 frigoris
1184 1465 1313 1507 sum
1353 1464 1690 1527 perpessus,
1763 1449 1836 1507 Et
1857 1447 1975 1507 mei
1999 1448 2111 1508 do-

56 1543 295 1595 umenta
322 1534 495 1595 vobis
521 1534 677 1604 dedi,
702 1541 759 1593 et
778 1543 973 1594 vestra
1000 1530 1214 1593 habeo.
1258 1534 1452 1605 Petra,
1475 1548 1648 1611 quam
1677 1530 1901 1605 videtis,
1927 1550 2110 1593 unum
2127 1537 2168 1599 9

58 1620 241 1679 ditum
272 1610 472 1688 habet',
513 1637 689 1697 quem
719 1618 949 1679 barbari
984 1617 1277 1692 obsident,
1317 1628 1508 1680 cetera
1544 1618 2113 1696 negli'guntzmullae

54 1704 245 1782 igiliae
274 1714 437 1776 sunt,
480 1703 602 1763 nisi
620 1722 770 1783 quae
794 1714 983 1765 castra
1012 1714 1210 1781 nostra
1238 1712 1525 1783 spectant.
1593 1702 1906 1763 Invenietis
1941 1704 2108 1779 viam,
2133 1704 2214 1768 1⁰

54 1790 65 1847 i
94 1790 374 1849 sollerter
398 1788 589 1849 rimati
614 1789 836 1851 fueritis
860 1790 1053 1851 aditus
1080 1791 1336 1851 ferentes
1361 1790 1437 1851 ad
1461 1808 1762 1851 cacumen.
1808 1788 1960 1851 Nihil
1988 1798 2110 1852 tam

54 1876 127 1941 lte
154 1883 363 1935 natura
392 1874 709 1950 constituit,
754 1896 873 1956 quo
898 1877 1079 1937 virtus
1120 1895 1242 1937 non
1269 1876 1454 1957 possit
1487 1875 1645 1937 eniti.
1714 1874 2107 1956 Experiendo‚

58 1981 161 2021 uae
186 1963 370 2022 ceteri
392 1962 875 2041 desperaverunt,
902 1962 1095 2024 Asiam
1122 1963 1402 2024 habemus
1425 1963 1485 2023 in
1517 1970 1823 2040 potestate.
1866 1963 2108 2025 Evadite
2131 1961 2210 2024 11
2263 1957 2280 1971 ‘

55 2065 73 2106 ι
108 2065 415 2121 cacumen,
462 2048 625 2127 quod
662 2067 840 2127 quum
881 2048 1174 2128 ceperitiS,
1219 2047 1486 2109 candidis
1519 2047 1661 2108 velis
1697 2048 1930 2124 signum
1964 2047 2111 2130 mihi

56 2133 255 2194 abitis:
296 2153 411 2212 ego
458 2134 651 2212 copiis
686 2133 939 2195 admotis
972 2135 1201 2194 hostem
1243 2133 1308 2192 in
1341 2151 1452 2192 nos
1480 2149 1513 2189 a
1548 2132 1715 2191 vobis
1749 2141 2110 2192 convertam.

54 2221 339 2282 'raemium
364 2218 477 2282 erit
498 2219 575 2292 ei,
599 2218 700 2297 qui
723 2219 947 2297 primus
966 2218 1339 2295 occupaverit
1354 2215 1648 2285 verticem,
1675 2215 1889 2275 talenta
1907 2233 1965 2285 x,
1989 2234 2112 2276 uno
2135 2215 2213 2278 12

54 2306 199 2368 ninus
234 2306 507 2385 accipiet,
564 2303 663 2382 qui
703 2304 1008 2382 proximus
1044 2301 1099 2361 ei
1138 2300 1377 2373 venerit,
1429 2301 1758 2378 eademque
1793 2300 1864 2358 ad
1907 2300 2118 2362 decem

55 2393 279 2453 omines
304 2389 655 2456 servabitur
681 2389 895 2468 portio.
964 2388 1199 2448 Certum
1227 2395 1421 2446 aute·
1459 2386 1671 2459 habeo,
1711 2403 1820 2446 vos
1845 2394 2116 2447 nontam

54 2477 419 2543 beralitatem
450 2475 675 2539 intueri
703 2493 893 2535 meam
919 2491 1090 2553 quam
1118 2473 1501 2534 voluntatem.

138 2565 241 2625 His
279 2565 499 2626 animis
529 2579 736 2639 regem
776 2559 1105 2633 audierunt,
1148 2567 1211 2620 ut
1242 2557 1356 2618 iam
1392 2556 1622 2637 cepisse
1645 2555 1920 2616 verticem
1947 2556 2113 2618 vide-
2133 2555 2214 2618 13

54 2661 225 2712 entur.
292 2650 669 2737 Dimissiqye
703 2647 927 2707 ferreos
954 2663 1193 2716 cuneoS,
1233 2663 1384 2724 quos
1417 2645 1572 2706 inter
1606 2659 1743 2702 saxa
1767 2643 2109 2722 defigerent,

54 2737 351 2816 alidosque
378 2740 560 2798 funes
601 2733 903 2811 parabant.
971 2733 1095 2794 Rex
1119 2731 1542 2792 circumvectus
1570 2737 1813 2808 petram,
1853 2748 1965 2809 qua
2001 2730 2111 2791 mi·-
2133 2729 2216 2790 14

54 2821 160 2882 ime
181 2843 359 2903 asper
376 2843 451 2884 ac
476 2830 839 2902 praeruptus
860 2817 1059 2879 aditus
1074 2817 1401 2888 videbatur,
1428 2816 1690 2878 secunda
1714 2815 1922 2894 vigilia,
1949 2816 2111 2894 quod

54 2927 159 2968 ene
198 2919 483 2980 verteret,
524 2905 765 2985 ingredi
796 2905 977 2966 iubet.
1041 2902 1131 2964 llli
1166 2901 1455 2965 alimentis
1483 2902 1544 2963 in
1579 2901 1822 2964 biduum
1859 2902 2112 2982 sumptis

55 2993 209 3056 ladiis
252 2997 437 3057 modo
476 3003 663 3072 atque
682 2991 883 3052 *bastis
920 2989 1129 3052 armati
1166 2990 1368 3051 subire
1395 2997 1733 3068 coeperunt.
1800 2989 1884 3048 Ac
1918 2989 2110 3067 primo
2132 2984 2212 3044 15

54 3083 254 3143 edibus
282 3079 549 3158 ingressi
584 3086 752 3138 sunt:
802 3076 1037 3149 deinde,
1080 3083 1147 3136 ut
1178 3075 1240 3136 in
1275 3085 1590 3155 praerupta
1628 3083 1970 3155 perventum
2001 3082 2112 3145 est,

54 3167 97 3228 lii
143 3168 427 3230 manibus
466 3163 788 3224 eminentia
826 3181 964 3224 saxa
992 3161 1279 3241 complexi
1318 3162 1583 3222 levavere
1615 3169 1830 3233 sem-et,
1873 3159 1968 3218 alii
2003 3158 2114 3216 ad-

54 3256 171 3315 ·ctis
210 3254 449 3314 titinium
494 3248 722 3327 laqueis
760 3268 1015 3322 evasere,
1066 3267 1249 3328 quum
1284 3265 1506 3310 cuneos
1545 3248 1699 3308 inter
1723 3262 1860 3308 saxa
1891 3243 2114 3318 defige-

54 3353 155 3404 ent.
201 3338 431 3417 gradus
460 3333 721 3398 subinde
746 3340 879 3414 quis
904 3335 1264 3398 insisterent.
1329 3335 1490 3394 Diem
1519 3333 1672 3394 inter
1693 3337 1914 3394 metum
1948 3325 2114 3384 labo·

54 3447 255 3506 unque
285 3431 819 3500 consumpserunt.
885 3423 997 3483 Per
1018 3439 1226 3500 aspera
1262 3419 1408 3479 nisis
1431 3420 1666 3480 duriora
1693 3411 2012 3508 restabant,
2055 3416 2117 3470 et
2135 3408 2215 3469 16

54 3532 283 3574 rest-,ere
310 3509 571 3571 altitudo
606 3515 805 3586 petrae
836 3508 1163 3568 videbatur.
1211 3504 1308 3564 llla
1335 3522 1472 3564 vero
1499 3495 2002 3586 miserabnhspqut
2027 3495 2118 3554 sa-

54 3603 151 3672 ies,
192 3619 381 3681 qiinm
410 3596 475 3671 ii,
508 3612 671 3675 quos
694 3592 979 3656 instabilis
1006 3592 1224 3672 gradus
1251 3588 1546 3658 retulerat,
1581 3601 1652 3642 ex
1677 3581 1982 3718 prffifflpm
2009 3577 2119 3635 de·-

102 3701 313 3745 Curtia!-
