2417 3900
459 70 463 91 '
571 46 2198 175 Liss.x.<vin.50Ar.vi.s-24.21⁷

126 204 511 295 occupaturus
555 216 649 275 sit.
710 214 914 293 ltaque
950 232 1125 275 nemo
1165 214 1220 273 ei
1257 230 1363 275 rex
1397 214 1606 293 placet,
1651 215 1766 277 nisi
1783 218 1902 299 qui
1935 221 2206 284 nondum

120 310 294 365 natus
319 310 427 377 est,
468 309 529 362 et
548 301 793 361 intanta
820 299 1081 361 omnium
1110 298 1505 375 festinatione,
1542 320 1664 362 non
1689 299 1843 364 iusta
1867 306 2066 381 modo,
2093 310 2204 370 sed

121 386 677 460 etiamneeessaria,
702 393 937 448 exactos
960 403 1199 448 meuses
1223 385 1388 447 solus
1415 394 1734 467 exspectat,
1763 395 1822 449 et
1845 387 1961 450 iam
1988 390 2208 457 divinat

118 492 343 536 marem
380 490 517 534 esse
551 480 933 551 conceptum;
976 488 1151 552 quem
1188 488 1297 533 vos
1337 470 1612 534 dubitatis
1647 482 1914 554 paratum
1951 494 2082 539 esse
2113 480 2208 541 vel

118 556 420 622 subdere?
478 557 543 620 Si
569 556 800 621 medius
826 557 1001 619 fidius
1030 556 1364 619 Alexander
1388 556 1548 618 hunc
1569 558 1744 621 nobis
1771 578 1972 641 regem
2001 580 2112 643 pro
2141 583 2208 625 se
2225 546 2310 631 22

114 645 479 737 reliquisset,
517 643 579 705 id
614 644 827 706 solum
818 662 917 706 ex
956 644 1077 718 his,
1121 660 1272 724 quae
1307 644 1686 723 imperasset,
1723 660 1847 707 non
1873 647 2208 711 faciendum

114 750 256 793 esse
275 746 598 792 censerem.
644 730 800 805 Quin
818 729 995 811 igitur
1010 690 1087 791 ad
1112 728 1475 810 diripiendos
1495 730 1808 795 thesauros
1831 732 2210 797 discurritis?
2227 738 2312 801 23

112 817 343 879 Harum
382 816 537 878 enim
574 836 755 897 opum
792 816 1083 897 regiarum
1128 816 1334 915 utique
1373 817 1626 897 populus
1668 826 1760 880 est
1791 818 1986 883 heres.
2046 820 2210 883 Haec
2227 822 2315 886 24

118 903 439 981 eloquutus
462 922 571 981 per
592 905 819 965 medios
852 914 1107 965 armatos
1132 902 1344 983 erupit,
1379 911 1436 964 et
1461 904 1560 983 qui
1583 904 1822 967 abeunti
1845 926 1996 987 viam
2023 906 2210 970 dede-

114 998 273 1062 rant,
300 988 495 1067 ipsum
522 990 596 1051 ad
617 990 1063 1069 pronunciatam
1090 988 1372 1068 praedam
1396 990 1816 1069 sequebantur.

250 1115 293 1179 C
307 1135 413 1199 ap.
456 1116 579 1179 vll.
632 1116 871 1199 Iamque
912 1124 1272 1179 armatorum
1313 1117 1471 1179 circa
1507 1116 1869 1216 Meleagrum
1927 1120 2208 1199 frequens
2230 1116 2267 1185 1

110 1202 327 1283 globus
365 1213 491 1265 erat
509 1202 573 1263 in
606 1202 957 1265 seditionem
984 1219 1057 1263 ac
1086 1200 1446 1263 discordiam
1477 1218 1648 1263 versa
1678 1202 1988 1277 concione,
2026 1222 2212 1283 quum

110 1288 354 1369 quidam
397 1286 695 1387 plerisque
736 1287 1132 1355 Macedonum
1172 1286 1412 1365 ignotus
1455 1303 1529 1347 ex
1561 1286 1764 1348 infima
1805 1288 2010 1368 plebe,
2052 1290 2210 1364 Quid

110 1394 267 1454 opus
292 1382 402 1449 est,
440 1372 648 1453 inquit,
685 1372 860 1434 armis
893 1368 1159 1451 civilique
1183 1371 1357 1443 bello,
1382 1371 1740 1435 habentibus
1768 1390 1992 1453 regem,
2029 1393 2208 1455 quem

49 1504 63 1518 ,
110 1456 444 1541 quaeritis?
497 1456 879 1531 ArrhidaeuS,
916 1456 1190 1537 Philippo
1215 1456 1466 1535 genitu5‚
1496 1458 1814 1520 Alexandri
1837 1460 2035 1538 paullo
2071 1460 2267 1523 ante2

107 1546 269 1625 regis
310 1548 511 1617 frater
547 1562 849 1605 sacrorum
890 1542 1492 1623 caerimoniarumque
1523 1561 1770 1606 consors
1805 1544 2006 1621 modo,
2047 1564 2212 1609 nunc

108 1632 278 1693 solus
306 1632 505 1703 hereS,
537 1628 887 1709 praeteritur
910 1648 943 1690 a
970 1626 1157 1691 vobis.
1221 1628 1354 1702 Quo
1379 1627 1590 1689 merito
1613 1626 1770 1691 suo?
1807 1631 2024 1709 quidve
2051 1632 2211 1707 fecit,

108 1735 224 1778 cur
267 1715 443 1778 etiam
498 1716 756 1813 gentium
806 1712 1104 1778 communi
1147 1714 1278 1776 iure
1325 1710 1681 1778 fraudetur?
1767 1714 1832 1777 Si
1873 1716 2209 1780 Alexandro

33 1876 35 1879 y
110 1800 368 1863 similem
398 1800 691 1880 quaeritis,
736 1820 1039 1882 nunquam
1062 1798 1402 1880 reperietis3
1443 1800 1498 1863 si
1521 1790 1874 1881 proximum,
1917 1802 2015 1865 hie
2037 1804 2208 1867 solus

33 1886 36 1931 ἓ
108 1895 225 1947 est.
278 1884 386 1947 His
414 1885 628 1950 auditis
654 1886 860 1950 concio
883 1888 1074 1968 primo
1102 1886 1398 1950 silentium
1424 1886 1628 1950 velut·
1609 1906 1774 1952 iussa
1799 1888 2029 1954 habuit:
2061 1909 2206 1954 con-
2225 1889 2268 1953 3

109 1971 371 2036 clamant
398 1971 615 2036 deinde
635 1973 870 2052 pariter,
894 1972 1283 2041 Arrhidaeum
1298 1973 1630 2036 vocandum
1657 1993 1809 2050 esse,
1833 1985 2208 2060 mortemque
2257 1985 2268 2012 ³

104 2058 379 2134 meritos,
407 2059 509 2139 qui
532 2059 878 2122 concionem
902 2060 1029 2122 sine
1060 2078 1131 2120 eo
1154 2058 1524 2122 habuissent.
1577 2060 1727 2122 Tum
1751 2061 1974 2124 Pithon
1991 2065 2204 2142 plenus
2223 2056 2268 2123 4
2387 2069 2390 2086 '

102 2145 487 2208 lacrimarum
526 2145 756 2208 orditur
792 2146 1005 2220 dicere,
1044 2163 1207 2206 nune
1240 2144 1330 2206 vel
1361 2144 1610 2207 maxime
1645 2144 2040 2208 miserabilem
2071 2166 2208 2210 esse

102 2232 538 2306 Alexandrum,
588 2231 686 2312 qui
731 2240 850 2293 tam
892 2231 1192 2293 bonorum
1243 2227 1454 2315 civium
1497 2228 1864 2327 militumque
1907 2233 2103 2294 fructu
2148 2240 2210 2294 ct

104 2317 447 2415 praesentia
488 2318 789 2384 fraudatus
831 2325 1009 2380 esset.
1072 2313 1304 2378 Nomen
1344 2307 1496 2376 enim
1538 2314 2006 2396 memoriamque
2046 2317 2206 2396 regis

108 2403 205 2466 sui
236 2412 463 2466 tantum
497 2403 795 2465 intuentes
824 2404 897 2465 ad
938 2410 1132 2465 cetera
1160 2401 1409 2482 caligare
1441 2419 1565 2462 eos,
1631 2400 1804 2464 Haud
1839 2401 2160 2502 ambigue
2139 2421 2204 2465 m
2223 2411 2264 2470 5

105 2490 408 2562 iuvenem,
456 2489 552 2550 cui
586 2507 833 2568 regnum
867 2488 1292 2562 destinabatur,
1338 2489 1607 2568 impensa
1630 2487 1849 2566 probra
1876 2487 2064 2568 magis
2089 2487 2206 2570 ipsi

109 2575 317 2637 odium
367 2592 543 2654 quam
587 2574 910 2639 Arrhidaeo
957 2581 1354 2654 contemptum
1399 2574 1750 2638 attulerunt.
1801 2574 2020 2656 quippe
2062 2575 2204 2638 dum

106 2659 485 2733 miserentur,
520 2659 692 2721 etiam
725 2661 920 2722 favere
950 2668 1293 2741 coeperunt.
1353 2657 1538 2738 Igitur
1563 2676 1686 2721 non
1712 2658 1890 2722 alium
1917 2680 2002 2736 se,
2027 2679 2203 2742 quam
2220 2661 2262 2724 6

110 2764 269 2817 eum,
312 2745 411 2826 qui
438 2747 511 2806 ad
538 2745 695 2808 hanc
717 2761 886 2826 spem
916 2747 1145 2825 genitus
1173 2753 1351 2820 esset,
1397 2763 1682 2826 passuros
1709 2745 2020 2826 [regnare]
2061 2768 2202 2830 per-

107 2830 289 2893 tinaci
342 2831 757 2894 acclamatione
800 2833 1125 2905 declarant,
1178 2833 1500 2910 vocarique
1537 2831 1930 2894 Arrhidaeum
1979 2835 2202 2898 iubent.
2259 2869 2267 2876 ·

109 2919 301 2992 Quem
332 2917 620 2998 Meleager
649 2919 898 2981 infestus
934 2917 1272 2997 invisusque
1308 2917 1623 2978 Perdiccae
1664 2925 1904 2980 strenue
1929 2921 2264 3006 perducit?

107 3003 172 3064 ιιι
199 3001 438 3081 regiam,
466 3013 521 3064 et
548 3003 758 3066 milites
784 3003 1115 3085 Philippum
1142 3001 1570 3066 consalutatum
1596 3021 1796 3084 regem
1821 2997 2134 3087 appellant.

241 3132 514 3194 Ceterum
551 3132 699 3192 haec
738 3132 892 3212 vulgi
926 3140 1054 3193 erat
1084 3150 1211 3204 vox,
1254 3130 1586 3230 principum
1617 3132 1734 3194 alia
1767 3135 2078 3194 sententia.
2149 3131 2274 3196 Ee·
2387 3195 2389 3198 ⁴

82 3217 331 3296 -quibos
362 3218 580 3281 Pithon
617 3217 925 3280 consili-um
950 3217 1276 3280 Perdiccae
1309 3217 1552 3296 exsequi
1599 3219 1810 3300 coepit,
1851 3225 2198 3296 tutoresque

108 3303 371 3366 destinat
406 3303 525 3366 mio
554 3321 626 3364 ex
650 3303 893 3366 Roxane
923 3305 1121 3366 futuro
1149 3301 1492 3365 Perdiccam
1532 3312 1592 3364 et
1613 3303 1984 3366 Leonnatum
2014 3304 2198 3383 stirpe
2265 3341 2270 3348 ·

80 3388 299 3468 regia.
312 3390 577 3486 genitos.
624 3380 867 3464 Adiecit,
903 3397 971 3451 ιιι
1005 3388 1073 3449 in
1094 3388 1336 3466 Eun-opu
1357 3387 1631 3451 Gratitrus
1671 3398 1736 3449 et
1752 3386 2054 3466 Antipater
2097 3409 2192 3452 res
2215 3388 2254 3450 9

84 3461 611 3540 administrarent.
676 3475 828 3537 Tum
860 3472 1272 3538 iusiurandum
1303 3492 1338 3534 a
1367 3473 1616 3552 singulis
1637 3482 1923 3546 exactum,
1963 3476 2194 3550 futuros

100 3562 169 3624 ιιι
194 3567 491 3643 potestate
510 3561 671 3643 regis
698 3562 877 3642 geniti
903 3557 1252 3626 Alexandro.
1307 3558 1597 3637 Meleager
1618 3557 1777 3620 haud
1801 3557 2010 3622 iniuria
2033 3570 2196 3624 metu
2218 3557 2298 3619 lo

2098 3789 2390 3864 ’Δ
