2417 3900
587 161 732 224 ue.
773 162 868 226 ιν.
913 165 1046 244 (11.)
1091 168 1251 229 CAP.
1298 167 1343 227 1.
1391 161 1637 225 1—18.
1853 153 1857 172 ·
2054 159 2141 221 27

219 279 432 341 Contra
457 279 786 343 Alexander
805 282 869 343 in
893 282 1054 344 hunc
1075 283 1331 344 maxime
1362 284 1602 344 modum
1636 279 1966 360 rescripsit:
2014 281 2142 342 Rex
2167 282 2247 346 1⁰

87 365 414 436 Alexander
446 367 656 430 Dareo.
744 368 921 430 Cuius
965 386 1186 428 nomen
1232 369 1559 449 sumpsisti,
1605 367 1832 428 Dareus
1868 366 2139 442 Graecos,

89 451 188 530 qui
228 469 396 512 oram
431 453 796 531 Hellesponti
837 460 1071 526 tenent,
1127 454 1503 534 coloniasque
1548 453 1909 514 Graecorum
1950 450 2145 512 Ionias

85 536 249 598 omni
274 537 442 598 clade
470 538 746 621 vastavit,
785 556 920 599 eum
953 556 1168 617 magno
1196 538 1413 600 deinde
1442 539 1696 600 exercitu
1722 554 1886 598 mare
1918 537 2151 598 traiecit

83 621 242 682 illato
289 621 673 694 Macedoniae
717 631 776 683 et
817 623 1092 714 Graeciae
1134 625 1310 686 belle.
1420 626 1646 687 Rursus
1688 625 1909 685 Xerxes
1961 622 2151 702 gentis
2174 620 2253 683 11

87 707 362 768 eiusdem
388 708 463 768 ad
490 710 916 787 oppugnandos
943 728 1054 770 nos
1083 729 1217 772 cum
1259 710 1602 773 immanium
1628 710 2013 771 barbarorum
2050 727 2153 770 co-

87 791 208 871 piis
238 791 424 864 venit,
461 793 560 872 qui
595 795 782 855 navali
816 797 1041 875 proelio
1069 797 1257 859 victus
1285 793 1662 862 Mardonium
1698 804 1892 856 tamen
1918 795 2156 875 reliquit

88 877 158 938 in
187 876 454 952 Graecia,
489 889 552 941 ut
576 881 786 942 absens
814 901 1049 962 quoque
1074 884 1475 963 popularetur
1498 883 1705 955 urbes,
1734 899 1908 960 agros
1933 889 2152 943 ureret.

89 961 426 1043 Philippum
445 984 580 1026 vero
604 976 905 1046 parentem
927 987 1123 1030 meum
1149 970 1281 1049 quis
1306 971 1539 1050 ignorat
1564 969 1636 1028 ab
1662 967 1753 1030 his
1776 968 2153 1030 interfectum
2175 963 2255 1026 12

86 1066 253 1122 esse,
293 1067 442 1129 quos
473 1050 728 1132 ingentis
755 1055 1040 1134 pecuniae
1076 1075 1186 1134 spe
1225 1057 1675 1117 sollicitaverant
1697 1050 1921 1115 vestri?
1967 1053 2156 1131 Impia

85 1135 245 1195 enim
269 1135 421 1197 bella
449 1139 774 1218 suscipitis,
799 1149 874 1215 et,
903 1159 1085 1221 quum
1113 1142 1375 1202 habeatis
1403 1139 1867 1213 arma,·licemini
1891 1138 2157 1198 hostium

87 1221 305 1300 capita,
347 1220 506 1286 sicut
539 1223 604 1285 tu
640 1226 905 1304 proxime
929 1226 1163 1288 talentis
1193 1228 1349 1287 mille
1376 1224 1521 1287 tanti
1558 1225 1848 1284 exercitus
1885 1241 1991 1282 rex
2018 1240 2159 1303 per-

85 1325 396 1368 cussorem
433 1307 499 1369 in
531 1327 626 1369 me
668 1329 868 1370 emere
901 1312 1156 1372 voluisti.
1243 1313 1485 1390 Repello
1530 1310 1708 1388 igitur
1741 1308 1986 1381 bellum,
2035 1325 2160 1368 non
2182 1299 2261 1363 13

81 1389 304 1452 infero.
364 1391 440 1452 Et
478 1392 558 1452 dii
585 1412 822 1471 quoque
858 1414 968 1473 pro
1003 1396 1245 1455 meliore
1270 1405 1429 1457 stant
1457 1411 1693 1466 caussa3
1720 1409 1991 1470 magnam
2026 1411 2163 1472 par-

83 1485 216 1538 tem
238 1475 412 1538 Asiae
436 1474 501 1538 in
527 1477 808 1539 ditionem
833 1479 1036 1558 redegi
1067 1497 1259 1540 meam
1275 1527 1289 1554 ,
1317 1490 1375 1540 te
1399 1481 1596 1558 ipsum
1623 1476 1749 1539 acie
1775 1478 1904 1538 vici.
1970 1475 2166 1550 Quem

85 1562 206 1623 etsi
237 1560 383 1622 nihil
407 1579 443 1622 a
469 1580 566 1623 me
590 1564 906 1642 impetrare
933 1565 1265 1646 oportebat,
1295 1560 1501 1644 utpote
1529 1563 1730 1643 quine
1759 1564 1897 1624 belli
1926 1563 2168 1641 quidem

81 1648 154 1708 in
183 1665 283 1708 me
305 1645 438 1711 iura
463 1650 818 1724 servaveriS,
862 1659 1061 1712 tamen
1089 1650 1140 1711 si
1172 1651 1400 1712 veneris
1431 1651 1712 1730 supplex,
1751 1657 1810 1710 et
1834 1657 2079 1722 matrem
2109 1656 2167 1710 et

30 1737 38 1745 ‘
84 1733 408 1812 coniugem
433 1742 490 1796 et
514 1734 734 1798 liberos
760 1737 888 1798 sine
914 1736 1107 1818 pretio
1132 1746 1509 1818 recepturum
1542 1754 1675 1797 esse
1702 1735 2003 1815 promitto.
2089 1733 2165 1795 Et

83 1818 332 1881 vincere
367 1827 428 1881 et
467 1822 774 1884 consulere
801 1823 970 1885 victis
997 1823 1138 1886 scio.
1230 1822 1458 1896 Quodsi
1490 1825 1549 1884 t‘e
1583 1822 1757 1885 nobis
1799 1821 2164 1883 committere
2186 1816 2268 1877 14

83 1905 298 1981 times,
351 1905 619 1971 dabimus
645 1908 850 1984 fidem,
899 1911 1142 1991 impune
1168 1919 1501 1973 venturum.
1588 1910 1673 1971 De
1711 1918 1935 1982 cetero,
1981 1925 2167 1988 quum

81 1990 256 2137 111in³
285 1993 544 2069 scribes,
599 2004 896 2059 memento
939 2015 1061 2059 non
1111 1998 1303 2061 solum
1354 1997 1482 2075 regi
1529 2006 1618 2071 te,
1678 1996 1786 2057 sed
1841 1995 2017 2056 etiam
2062 2002 2165 2055 tuo

87 2094 216 2137 scri
259 2094 380 2139 ere.

223 2163 314 2223 Ad
339 2163 496 2224 hanc
521 2165 934 2243 perferendam
951 2165 1319 2245 Thersippus
1342 2173 1434 2224 est
1451 2164 1690 2224 missus.
1734 2161 1871 2239 lpse
1890 2162 1953 2221 in
1971 2160 2169 2222 Phoe-
2190 2154 2272 2216 15

88 2257 282 2309 meen
309 2248 618 2309 descendit
644 2260 702 2309 et
727 2250 1012 2327 oppidum
1036 2250 1264 2329 Byblon
1290 2248 1568 2310 traditum
1592 2245 1835 2323 recepit.
1922 2243 2071 2305 Inde
2094 2244 2171 2303 ad

87 2333 329 2394 Sidona
356 2341 596 2395 ventum
623 2341 730 2406 est,
757 2335 1283 2396 urbem-vetustate
1304 2335 1579 2410 famaque
1604 2330 1976 2413 conditorum
2000 2327 2173 2389 incli-

87 2428 242 2481 tam.
331 2417 638 2497 Regnabat
661 2418 723 2479 in
747 2437 814 2480 ea
842 2419 1068 2492 Strato,
1110 2417 1288 2480 Darei
1313 2416 1528 2497 opibus
1555 2416 1819 2489 adiutuS,
1865 2414 2001 2489 sed,
2036 2414 2171 2495 quia
2194 2418 2274 2482 16

93 2502 467 2566 deditionem
490 2503 675 2583 magis
699 2504 1070 2583 popularium
1107 2520 1283 2584 quam
1318 2520 1424 2565 sua
1452 2510 1669 2581 sponte
1693 2502 1941 2575 fecerat,
1984 2519 2169 2582 regno
2194 2540 2211 2551 -

91 2591 264 2651 visus
287 2589 597 2668 indignus,
640 2588 1182 2671 Hephaestionique
1214 2588 1600 2671 permissum,
1642 2594 1735 2661 ut,
1778 2604 1953 2667 quem
1984 2606 2056 2649 eo
2085 2589 2173 2648 fa-

95 2676 277 2755 stigio
320 2675 566 2738 ,Sidonis
609 2675 1018 2755 dignissimum
1067 2676 1478 2747 arbitraretur,
1524 2674 1909 2737 constitueret
1948 2690 2173 2752 regem.

94 2763 288 2824 Erant
313 2762 735 2842 Hephaestioni
755 2763 1024 2843 hospites
1053 2762 1191 2825 clari
1215 2763 1372 2823 inter
1398 2780 1547 2823 suos
1580 2761 1856 2833 iuvenes,
1886 2759 1986 2840 qui
2023 2761 2171 2821 facta
2196 2758 2277 2821 17

95 2847 893 3013 {riaffiffisst‘i-Jssssffiffl
928 2846 2172 3013 3ἑὲνίᾞὲᾳὲιῖΞὲπ’ἐῗὲῗὲἒέῗὶῗ
2196 2928 2276 2991 18

97 3018 386 3099 phaestio
416 3018 882 3097 magnitudinem
909 3020 1088 3082 animi
1124 2954 1494 3101 sptergientis,
1532 3019 1692 3098 quod
1734 3018 1829 3080 alii
1870 3035 1981 3097 per
2004 3016 2176 3097 ignes

99 3108 454 3183 ferrumque
478 3112 774 3184 peterent,
816 3106 938 3167 Vos
964 3106 1201 3185 quidem
1226 3106 1402 3167 macti
1434 3105 1645 3167 virtute
1661 3151 1677 3178 ,
1712 3103 1931 3183 inquit,
1966 3111 2177 3175 estote,

103 3191 211 3270 qui
247 3188 425 3269 primi
457 3189 863 3266 intellexistis,
917 3199 1136 3271 quanto
1186 3192 1377 3253 mains
1418 3198 1580 3252 esset
1620 3208 1869 3270 regnum
1911 3188 2179 3250 fastidire

103 3295 288 3356 quam
311 3274 597 3356 accipere.
685 3276 956 3339 Ceterum
979 3276 1128 3350 {date
1153 3278 1404 3357 aliquem
1428 3276 1627 3354 regiae
1654 3275 1883 3357 stirpis,
1924 3273 2025 3352 qni
2048 3286 2179 3331 me-

102 3359 374 3436 minerit,
401 3380 436 3422 a
459 3360 633 3423 vobis
658 3372 967 3443 acceptum
987 3364 1209 3425 habere
1236 3380 1303 3427 se
1328 3378 1597 3439 regnum.
1658 3362 1849 3441 Atque
1870 3359 1968 3429 illi,
1996 3370 2177 3433 quum
2201 3354 2278 3416 19

105 3448 336 3511 multos
383 3446 694 3509 imminere
744 3456 938 3509 tantae
983 3448 1114 3529 spei
1163 3455 1501 3518 cernerent,
1560 3447 1808 3525 singulis
1857 3441 2177 3501 amicorum

108 3532 434 3595 Alexandri
457 3533 536 3593 ob
561 3531 802 3595 nimiam
825 3532 994 3611 regni
1017 3533 1396 3615 cupiditatem
1420 3531 1743 3603 adulanteS,
1768 3532 2046 3599 statuunt,
2072 3541 2183 3585 ne-

109 3618 342 3681 minem
388 3636 522 3679 esse
561 3616 883 3699 potiorem,
927 3636 1104 3698 quam
1142 3618 1593 3682 Abdalon‘lmum
1638 3610 1959 3690 quendam,
2001 3610 2171 3683 1⁰³8!
