2417 3900
390 99 398 105 ·
459 104 603 167 Lm.
646 105 719 167 x.
764 104 969 184 (vm.)
1018 80 1189 167 cir.
1222 79 1380 169 vm.
1421 104 1672 171 1-13,
1925 106 1954 122 ‘
1999 108 2128 171 219

174 220 511 301 63⁸1».an
555 225 629 285 At
652 222 945 301 Meleager
965 241 1165 301 regem
1199 241 1445 285 monere
1459 244 1596 287 ιιοιι
1629 224 1918 301 destitit,
1901 229 2131 291 iusim·
2151 226 2194 291 1

38 306 194 387 perii
221 306 541 371 Perdiccae
573 316 763 374 morte
800 307 1179 371 sanciendum
1200 327 1370 371 esse·
1411 308 1473 371 ιιι
1491 321 1813 389 occupetur
1836 311 2134 410 impotens

40 393 297 467 animus,
318 412 417 457 res
434 402 817 469 novaturum
837 393 1181 455 meminisse
1203 412 1357 469 eum,
1383 394 1526 473 quid
1549 396 1625 457 de
1643 414 1783 474 rege
1801 397 2134 474 meruisset,

32 478 340 543 neminem
365 490 562 543 autem
586 481 639 540 ei
662 479 805 543 satis
824 480 1011 541 fidum
1040 498 1193 553 esse,
1231 498 1406 560 quem
1427 488 1665 543 metuat.
1722 482 1850 545 Rex
1870 482 2136 561 patieba-
2151 482 2193 543 2

34 570 133 625 tur
166 566 359 645 magis
402 585 580 645 quam
618 565 1069 630 assentiebatur.
1121 566 1328 646 Itaque
1366 566 1662 645 Meleager
1697 567 1992 629 silentium
2021 588 2134 649 pro

30 646 287 729 imperio
316 650 539 726 habuit,
578 652 851 733 misitque
882 650 1039 730 regis
1064 650 1326 727 nomine,
1365 650 1467 731 qui
1489 646 1830 715 Perdiccam
1861 672 2138 717 accerse-

28 745 195 799 rent.
274 735 490 799 [isdem
531 739 897 812 mandatum,
957 747 1024 800 ut
1070 737 1438 811 occiderent,
1484 736 1536 799 si
1577 736 1776 799 venire
1822 739 2136 803 dubitaret.

24 820 321 883 Perdicca
363 824 665 887 nunciato
685 821 993 885 satellitum
1020 824 1278 887 adventu
1311 822 1614 885 sexdecim
1651 823 1894 886 omnino
1928 818 2194 906 pueris3

26 908 243 986 regiae
266 909 523 971 cohortis
548 909 853 973 comitatus
888 908 951 971 ιιι
983 908 1185 971 limine
1222 909 1436 971 domus
1465 927 1610 971 suae
1647 910 1926 986 constitit,
1955 912 2135 975 casti-

26 1003 343 1073 gatosque,
381 1004 439 1057 et
472 996 747 1075 Meleagri
782 995 1073 1076 mancipia
1110 995 1436 1059 identidem
1467 996 1790 1077 appellans,
1825 998 1914 1058 sic
1949 998 2134 1061 animi

22 1079 347 1158 vultusque
392 1082 726 1145 constantia
762 1081 985 1154 terruit,
1022 1090 1087 1143 ut
1108 1081 1203 1143 vix
1239 1081 1469 1144 mentis
1495 1090 1807 1161 compotes
1839 1085 2132 1161 fugerent.

28 1164 323 1227 Perdicca
361 1186 581 1245 pueros
622 1186 811 1247 equos
839 1167 1013 1230 iussit
1048 1167 1454 1227 conscendere
1491 1174 1550 1227 et
1587 1186 1720 1227 cum
1753 1168 1959 1263 paucis
1983 1168 2132 1229 ami-
2153 1170 2196 1233 4

24 1268 247 1311 corum
278 1251 350 1311 ad
376 1250 743 1313 Leonnatum
770 1249 1054 1329 pervenit,
1084 1251 1201 1311 iam
1235 1250 1494 1313 firmiore
1521 1248 1860 1329 praesidio
1846 1251 1961 1313 vim
1988 1271 2134 1332 pro-

20 1338 401 1415 pulsaturuS,
422 1336 475 1399 si
494 1337 625 1415 quis
647 1337 909 1399 inferret.
949 1333 1200 1396 Postero
1221 1334 1315 1395 die
1335 1334 1574 1413 indigna
1592 1354 1688 1397 res
1707 1335 2133 1401 Macedonibus
2153 1340 2194 1400 ὅ

19 1420 366 1495 videbatur,
388 1420 733 1484 Perdiccam
750 1422 822 1483 ad
843 1419 1049 1483 mortis
1070 1420 1398 1500 periculum
1415 1421 1751 1494 adductum,
1779 1430 1836 1483 et
1855 1422 2134 1503 Meleagri

19 1507 427 1569 temeritatem
460 1506 639 1570 armis
676 1508 858 1569 ultum
894 1505 981 1567 ire
1021 1506 1423 1569 decreverant.
1481 1506 1672 1583 Atque
1706 1468 1805 1569 il’le
1839 1508 2134 1571 seditione
2151 1505 2192 1567 6

18 1592 291 1675 provisa,
340 1612 521 1671 quum
544 1610 746 1671 regem
782 1591 1025 1665 adisset,
1068 1590 1432 1669 interrogare
1464 1609 1598 1653 eum
1628 1592 1840 1671 eoepit.
1888 1612 1962 1655 an
1985 1594 2134 1655 Per-

19 1679 269 1741 diccam
310 1678 735 1759 comprehendi
770 1676 901 1761 ipse
937 1675 1228 1739 iussisset.
1295 1678 1398 1739 Ille
1427 1676 1704 1757 Meleagri
1743 1677 2027 1743 instinctu
2063 1698 2132 1741 se

18 1752 291 1830 iussisse
328 1764 665 1845 respondit:
714 1772 972 1827 ceterum
1008 1782 1131 1825 non
1182 1762 1404 1825 debere
1453 1764 1788 1830 tumultuari
1827 1783 1950 1840 eos,
1984 1765 2132 1828 Per-

18 1852 268 1915 diccam
290 1850 443 1912 enim
472 1850 685 1913 vivere.

167 1934 349 2016 Igitur
363 1937 652 2002 concione
670 1934 915 2001 dimissa
932 1934 1226 2013 Meleager
1247 1934 1504 2015 equitum
1525 1933 1776 1998 maxime
1795 1936 2131 2000 defectione
2145 1941 2190 2004 7

16 2022 380 2104 perterritus
414 2023 707 2123 inopsque
746 2020 973 2084 consilii
1002 2018 1251 2101 (quippe
1290 2021 1350 2082 ιιι
1388 2021 1584 2100 ipsum
1619 2023 1943 2099 periculum
1975 2023 2129 2086 reci-

16 2109 224 2179 derat,
266 2109 424 2184 quod
460 2109 699 2170 inimico
734 2105 932 2184 paullo
968 2114 1103 2167 ante
1137 2103 1500 2179 intenderat)
1534 2104 1792 2169 triduum
1824 2108 1947 2166 fere
1984 2126 2130 2168 con-

16 2190 293 2288 sumpsit
326 2190 547 2252 incerta
588 2190 832 2252 consilia
868 2188 1175 2250 volvendo.
1255 2188 1328 2248 Et
1363 2188 1616 2266 pristina
1655 2189 1896 2266 quidem
1931 2190 2188 2268 regiae8

16 2276 266 2360 species
288 2276 595 2339 manebat:
618 2293 756 2338 nam
780 2281 839 2336 et
866 2272 1042 2350 legati
1066 2271 1324 2350 gentium
1348 2290 1550 2350 regem
1578 2271 1819 2335 adibant
1841 2281 1902 2336 et
1927 2274 2130 2352 copia-

16 2382 171 2428 rum
210 2361 391 2424 duces
426 2362 675 2426 aderant
708 2368 769 2422 et
803 2357 1153 2420 vestibulum
1186 2356 1462 2420 satellites
1507 2358 1828 2438 armatique
1867 2359 2130 2438 comple-

17 2455 265 2512 verant.
322 2448 443 2511 Sed
479 2447 693 2527 ingens
725 2462 833 2508 sua
860 2452 1075 2524 sponte
1110 2441 1400 2505 maestitia
1434 2442 1671 2506 ultimae
1697 2443 2186 2524 desperationiso

16 2537 215 2598 index
241 2543 383 2608 erat,
418 2533 793 2614 suspectique
818 2529 1069 2595 invicem
1095 2547 1219 2590 ιιοιι
1243 2528 1403 2592 adire
1424 2529 1690 2609 prophe,
1727 2548 1851 2590 non
1875 2531 2132 2611 colloqui

17 2618 356 2694 audebant,
394 2628 656 2684 secretas
696 2615 1077 2697 cogitationes
1103 2614 1256 2677 intra
1291 2633 1358 2676 se
1386 2634 1621 2695 quoque
1653 2617 1941 2689 volvente,
1975 2625 2129 2681 etex

18 2706 479 2783 comparatione
511 2705 667 2786 regis
694 2703 833 2766 novi
857 2701 1214 2764 desiderium
1239 2701 1595 2763 excitabatur
1617 2701 1836 2766 amissi.
1891 2703 2006 2766 Ubi
2030 2703 2128 2768 ille
2147 2705 2228 2770 10

16 2799 217 2864 esset,
237 2791 398 2857 cuius
412 2791 743 2874 imperium,
761 2789 926 2856 cuius
936 2786 1262 2868 auspicium
1281 2787 1513 2868 sequuti
1527 2795 1709 2862 erant,
1727 2787 2126 2887 requirebant.

16 2877 363 2940 Destitutos
390 2897 459 2940 se
482 2878 637 2944 inter
658 2878 901 2942 infestas
924 2873 1360 2952 indomitasque
1381 2881 1608 2954 gentes,
1645 2874 2002 2955 expetituras
2037 2885 2128 2942 tot

16 2981 279 3026 suarum
323 2964 573 3028 cladium
612 2981 869 3046 poenas,
922 2961 1398 3042 quandocunque
1433 2959 1630 3022 oblata
1670 2969 1830 3022 esset
1871 2963 2124 3026 occasio.

16 3049 141 3112 nis
164 3049 611 3127 cogitationibus
626 3051 855 3116 animos
870 3049 1219 3120 eredebant,
1243 3064 1424 3127 quum
1443 3046 1850 3121 annunciatur,
1875 3048 2124 3128 equites,
2144 3043 2223 3106 11

16 3136 133 3216 qui
156 3134 271 3195 suh
284 3135 563 3197 Perdicca
582 3144 799 3210 οιιιοιιι,
816 3135 1121 3214 occupatis
1140 3131 1293 3196 circa
1303 3131 1602 3212 Babylona
1621 3135 1846 3215 campis
1858 3135 2126 3196 frumen·

16 3229 181 3293 tum,
222 3219 433 3299 quod-⁹
418 3239 477 3282 ιιι
516 3219 727 3284 urbem
758 3220 1099 3296 vehebatur,
1132 3219 1469 3282 retinuisse.
1529 3219 1734 3300 ltaque
1767 3217 1972 3296 inopia
1995 3212 2122 3294 pri-
2143 3211 2222 3276 12

17 3325 221 3378 mum,
248 3306 467 3368 deinde
487 3307 676 3368 fames
698 3322 833 3368 esse
860 3307 1073 3386 coepit,
1106 3313 1169 3367 et
1188 3304 1290 3383 qui
1311 3306 1374 3368 ιιι
1398 3304 1548 3368 urbe
1571 3318 1756 3379 erant,
1786 3312 1888 3364 aut
1907 3317 2122 3362 recon-

18 3391 347 3454 ciliandam
394 3390 649 3489 gratiam·
686 3409 819 3454 cum
862 3389 1145 3456 Perdicca
1188 3397 1292 3455 aut
1347 3390 1522 3452 armis
1569 3387 1912 3452 certandum
1982 3403 2122 3448 esse

18 3477 386 3540 censebant.
434 3476 611 3540 Forte
633 3475 713 3540 ita
736 3474 1045 3546 accideret,
1070 3482 1155 3548 ut,
1180 3474 1280 3551 qui
1303 3472 1366 3536 ιιι
1389 3493 1547 3553 agris
1575 3482 1760 3543 erant.
1783 3467 2220 3548 populatio-13

17 3581 169 3626 nem
196 3562 470 3692 vfflarum
486 3561 865 3642 vicorumque
882 3559 1051 3628 vuiti
1066 3558 1489 3636 confugerent
1473 3577 1536 3620 ιιι
1533 3557 1786 3628 urbem,
1817 3552 2122 3652 oppidani,
