2417 3900
498 127 1019 212 Lffl.x.‹v111.)
1066 134 1223 194 CAP.
1267 135 1314 194 ι.
1359 126 1608 193 7-33,
1989 130 2116 191 207

40 254 351 307 nerassent
387 268 545 311 eum.
610 249 795 328 Igitur
826 248 1097 329 Philippo
1132 250 1430 311 substituit
1461 250 1924 311 Eudaemonem.
1987 250 2118 312 Dux
2138 256 2216 320 21

31 340 161 393 erat
184 331 497 396 Thracum.
542 335 815 395 Abisares
842 350 1089 411 regnum
1116 336 1236 396 filio
1260 336 1388 395 eius
1413 333 1692 397 attribuit.

159 418 411 478 Ventum
438 428 543 485 est
550 420 767 481 deinde
787 420 1139 499 Persagada.
1184 419 1420 481 Persica
1443 429 1552 481 est·
1539 438 1718 498 gens,
1743 416 1908 479 cuius
1934 428 2118 477 satra·
2135 426 2224 489 22

31 520 136 585 pes
161 503 249 564 Οι
252 513 417 563 sines
443 512 583 579 erat,
614 504 915 566 nobilitate
933 524 1003 567 ac
1023 504 1236 567 divitiis
1259 505 1414 566 inter
1435 524 1644 567 omnes
1665 503 1952 565 barbaros
1975 504 2120 563 emi-

31 600 203 653 nens,
250 588 451 649 Genus
479 591 731 652 duce-bat
756 608 789 650 a
816 590 985 669 Cyro,
1014 592 1310 671 quondam
1337 609 1477 670 rege
1502 593 1847 664 Persarum3
1884 606 2036 669 opes
2063 597 2123 650 et
2137 596 2222 658 23

31 692 63 741 ‚a
90 674 421 736 maioribus
455 676 697 737 traditas
728 676 981 737 habebat
1015 686 1073 740 et
1096 678 1227 757 ipse
1259 678 1434 755 longa
1467 676 1698 755 imperii
1735 673 2121 753 possessione

31 761 451 828 cumulaverat.
516 762 573 824 Is
598 762 726 840 regi
761 780 890 823 eum
920 763 1111 823 omnis
1144 763 1374 841 generis
1412 762 1601 835 doniS,
1645 780 1768 823 non
1797 759 1912 839 ipsi
1937 760 2120 823 modo
2138 764 2226 827 24

32 860 117 918 ρει,
171 845 280 905 sed
316 846 489 907 etiam
522 848 725 909 amici-s
760 848 885 909 eius
924 850 1185 923 daturuS,
1239 848 1508 910 occurrit.
1573 846 1873 925 Equorum
1915 845 2120 907 domiti

36 939 247 1012 greges
267 933 679 1012 sequebantur,
703 952 1026 1015 currusque
1044 943 1288 1013 argento
1311 944 1370 995 et
1391 952 1536 995 auro
1553 932 1838 1007 adornati,
1856 932 2120 1011 pretiosa
2216 982 2231 1009 .,

30 1016 317 1095 mpellex,
346 1026 405 1079 et
427 1019 657 1081 nobiles
677 1038 957 1099 gemmae,
986 1040 1159 1081 aurea
1182 1020 1382 1097 magni
1405 1020 1684 1099 ponderis
1707 1036 1864 1093 vasa,
1890 1030 2118 1080 vestes-

31 1100 146 1179 'que
175 1121 511 1182 purpureae
534 1114 591 1166 et
618 1106 827 1183 signati
852 1106 1079 1183 argenti
1105 1106 1386 1166 talentum
1412 1114 1686 1185 quattuor
1707 1104 1883 1165 milia.
1945 1106 2116 1165 Cete-
2133 1109 2219 1169 25

31 1202 157 1262 mm
202 1196 363 1249 tanta
403 1190 735 1269 benignitas
774 1191 1025 1251 barbaro
1066 1209 1276 1251 caussa
1311 1192 1518 1251 mortis
1553 1190 1678 1251 fuit.
1747 1190 1896 1249 Nam
1933 1206 2118 1267 quum

34 1290 237 1337 omnes
264 1274 487 1335 amicos
510 1276 669 1353 regis
700 1276 871 1337 donis
898 1293 1079 1354 super
1103 1277 1365 1355 ipsorum
1389 1287 1524 1337 vota
1551 1274 1846 1348 coluisset,
1884 1274 2119 1353 Bagoae
2220 1310 2231 1325 ι

34 1360 309 1437 spadoni,
362 1361 463 1438 qui
509 1361 901 1421 Alexandrum
952 1361 1238 1441 obsequio
1289 1363 1556 1443 eorporis
1603 1360 1937 1421 devinxerat
1985 1360 2115 1433 sibi,

34 1445 251 1505 nullum
295 1445 589 1507 honorem
627 1446 849 1507 habuit.
918 1446 1384 1544 Admonitusque
1427 1466 1459 1508 a
1507 1446 1889 1527 quibusdam,
1939 1464 2114 1523 quam
2135 1445 2220 1506 26

38 1530 365 1591 Alexandro
400 1533 569 1592 cordi
604 1540 781 1604 esset,
828 1532 1151 1610 respondit,
1198 1534 1418 1594 amicos
1453 1533 1627 1630 regis,
1673 1549 1795 1592 non
1825 1540 2019 1591 scorta
2049 1548 2120 1590 se
2223 1566 2232 1574 —

31 1616 244 1689 tolero,
285 1632 400 1675 nec
424 1615 609 1679 moris
640 1634 775 1677 esse
802 1616 999 1677 Persis
1026 1636 1220 1679 mares
1247 1619 1480 1692 ducere,
1521 1617 1624 1698 qui
1655 1625 1862 1696 stupro
1889 1616 2116 1677 effemi-

31 1708 333 1783 ἰιειιτιιιςιιικ
377 1700 483 1762 His
502 1701 717 1763 auditis
741 1703 927 1781 spado
952 1704 1273 1781 potentiam
1297 1704 1512 1783 flagitio
1540 1710 1598 1765 et
1617 1702 1912 1764 dedecore
1933 1718 2114 1781 quae-
2133 1699 2219 1761 27

36 1784 201 1847 itam
237 1783 299 1844 in
339 1796 511 1865 caput
540 1787 893 1849 nobilis-simi·
914 1800 972 1848 et
1004 1788 1258 1851 insontis
1285 1790 1557 1851 exercuit.
1621 1789 1890 1866 Namque
1923 1788 2116 1865 gentis

31 1870 297 1945 jusdem
335 1871 663 1934 levissimos
693 1872 851 1934 salsis
880 1874 1221 1936 criminibus
1258 1876 1522 1950 astruxit,
1567 1874 1822 1935 monitos
1847 1881 1974 1933 tum
2005 1873 2113 1933 de-

37 1963 187 2018 ‘uum
218 1975 289 2017 ea
315 1957 561 2032 deferre,
596 1977 773 2039 quum
801 1959 927 2040 ipse
952 1961 1242 2024 iussisset.
1295 1964 1530 2025 [nterim
1559 1961 1834 2040 quotiens
1862 1960 1990 2020 sine
2013 1979 2112 2020 ar-
2129 1957 2230 2022 28-

35 2041 191 2103 ›itris
224 2051 365 2116 erat,
414 2046 679 2107 credulas
706 2046 863 2122 regis
890 2065 1065 2107 aures
1088 2048 1392 2126 implebat,
1438 2047 1814 2109 dissimulans
1842 2063 2110 2106 caussam

36 2145 159 2201 rae,
186 2145 307 2205 quo
326 2131 558 2206 gravior
576 2131 935 2191 criminantis
956 2133 1270 2192 auctoritas
1288 2143 1466 2195 esset.
1503 2133 1778 2193 Nondum
1801 2143 2115 2210 suspectus.
2130 2129 2212 2190 29

32 2225 147 2278 &tat
178 2212 449 2289 Orsines,
492 2215 607 2277 iam
634 2224 831 2277 tamen
856 2217 1043 2277 vilior:
1100 2219 1258 2279 Reus
1289 2219 1443 2279 enim
1469 2218 1530 2278 in
1557 2225 1788 2278 secreto
1811 2217 2110 2294 agebatur,
2184 2227 2190 2236 '

31 2298 259 2360 atentis
300 2301 549 2379 periculi
582 2301 855 2382 ignarus:
906 2310 964 2362 et
998 2302 1566 2382 importunissimum
1613 2310 1892 2376 scortum,
1937 2321 2016 2362 ne
2049 2303 2113 2362 in

30 2393 237 2464 stupro
264 2386 503 2464 quidem
540 2395 598 2450 et
634 2387 941 2448 dedecoris
967 2387 1248 2466 patientia
1285 2389 1504 2452 fraudis
1528 2389 1791 2457 oblitum,
1838 2387 2114 2467 >quotiens

30 2487 292 2531 amorem
316 2471 475 2550 regis
496 2473 555 2533 in
582 2491 647 2534 se
670 2474 1033 2547 accenderat,
1080 2473 1354 2536 Orsinen]
1385 2475 1562 2538 modo
1585 2474 1904 2548 avaritiae,-
1925 2473 2112 2534 inter-

30 2555 157 2617 lum
190 2555 369 2618 etiam
394 2557 739 2620 defectionis
766 2560 1067 2638 arguebat.

150 2645 279 2703 lam
312 2653 541 2706 matura
576 2655 737 2707 erant
770 2645 833 2705 in
859 2644 1181 2724 perniciem
1200 2645 1532 2707 innocentis
1569 2644 1893 2718 mendacia,
1912 2650 1994 2705 kt
2021 2645 2110 2704 fa·
2127 2644 2211 2708 30

30 2743 165 2799 um,
220 2727 383 2790 cuius
405 2729 751 2791 inevitabilis
782 2745 912 2791 sors
944 2739 1049 2805 est,
1100 2732 1432 2810 appetebat.
1502 2731 1680 2792 Forte
1723 2730 1878 2792 enim
1909 2730 2109 2809 sepul-

30 2829 189 2874 zrum
230 2813 359 2892 Cyri
392 2815 720 2877 Alexander
744 2816 913 2878 iussit
950 2817 1180 2896 aperiri,
1225 2817 1285 2877 in
1323 2837 1438 2897 quo
1481 2827 1606 2877 erat
1645 2817 1944 2877 conditum
1981 2816 2108 2878 eius

30 2915 262 2976 :orpus‚
280 2900 377 2960 cui
396 2901 539 2962 dare
555 2903 789 2964 volebat
810 2903 1065 2964 inferias,
1110 2906 1268 2967 Auro
1289 2911 1651 2982 argentoque
1665 2903 1954 2983 rep-letum
1973 2920 2108 2964 esse
2126 2899 2205 2962 31

30 2983 376 3060 trediderat,
416 2987 632 3068 quippe
654 2988 733 3049 ita
759 2990 911 3052 fama
940 2989 1153 3049 Persae
1180 2989 1580 3066 vulgaverant3
1611 2989 1718 3048 sed
1745 2997 1978 3069 praeter
2004 2988 2107 3049 cli-

30 3085 200 3130 »eum
224 3069 353 3132 eius
377 3083 603 3152 putrem
630 3083 689 3135 et
712 3091 879 3136 arcus
905 3076 1053 3136 duos
1074 3074 1378 3153 Scythicos
1399 3083 1458 3136 et
1478 3075 1774 3137 acinacem
1802 3074 1943 3136 nihil
1966 3090 2106 3150 rep-

30 3157 195 3217 ›er-it.
244 3157 512 3220 Ceterum
534 3178 753 3222 corona
774 3177 950 3223 aurea
971 3159 1242 3240 imposita
1263 3161 1528 3234 amiculo,
1557 3161 1650 3222 cui
1672 3167 1938 3223 assuerat
1953 3158 2102 3254 ipse,
2123 3159 2205 3222 32

30 3243 253 3316 ιοΙὶιιιιι,
300 3243 362 3305 in
400 3264 517 3324 quo
554 3265 771 3326 corpus
806 3246 1052 3319 iacebat,
1092 3247 1320 3322 velavit,
1361 3247 1624 3321 miratuS,
1669 3246 1814 3310 tanti
1847 3238 2102 3304 nominis

30 3345 240 3407 ·‚egem
278 3331 459 3394 tantis
485 3333 813 3411 praeditum
844 3332 1074 3410 opihuS,
1111 3333 1266 3393 haud
1294 3332 1612 3412 pretiosius
1637 3331 1929 3412 sepultum
1967 3343 2102 3388 esse

30 3431 201 3494 [uam
226 3413 279 3474 si
304 3416 512 3478 fuisset
538 3437 569 3478 e
595 3418 787 3499 plebe.
852 3417 1159 3478 Proximus
1187 3424 1313 3479 erut
1335 3417 1498 3479 lateri
1527 3420 1732 3498 spado,
1776 3413 1873 3492 qui
1898 3426 2100 3488 regem
2111 3412 2202 3476 33

30 3511 281 3574 ntuens,
331 3502 485 3575 Quid
510 3504 743 3575 mirum,
782 3501 988 3580 inquit,
1032 3510 1137 3574 est,
1182 3502 1379 3562 inania
1414 3505 1680 3580 sepulcra
1717 3517 1850 3558 esse
1873 3513 2100 3572 regum,

30 3603 209 3666 {uum
232 3595 603 3668 satraparum
638 3589 849 3650 domus
874 3601 1079 3648 aurum
1113 3585 1252 3646 inde
1287 3594 1550 3664 egestum
1577 3598 1786 3660 capere
1813 3597 1936 3644 non
1958 3597 2102 3660 pos·
