2417 3900
237 139 324 204 26
672 141 770 202 nn
816 139 1078 201 orsus
1115 107 1551 238 ⁸A‘Lssxssmznffl
1596 138 1835 200 MAGNI

232 259 410 306 fectum
451 255 604 300 Batins
641 255 818 300 crudeli
863 255 1011 298 afficit
1054 252 1305 312 supplicio.
1334 257 1376 297 6.
1448 253 1571 298 Dein
1614 253 1873 308 Aegyptum
1920 253 2075 307 pergit
2113 258 2161 296 et
2195 253 2293 296 adit

231 334 361 378 Iovis
399 331 664 374 Hammonis
703 327 950 372 oraculum.
983 331 1027 373 t.
1109 329 1166 370 ln
1195 327 1407 382 Aegypto
1436 324 1770 370 Alexandriam
1816 325 1993 375 condit,
2044 325 2294 380 Memphim

232 407 358 464 petit
400 411 450 449 et
489 417 564 447 res
590 403 793 458 Aegypti
831 402 1030 446 ordinat.
1059 403 1103 446 8.
1157 399 1441 444 Dareus.ad
1488 398 1663 444 Arbela
1712 398 1927 456 pervenit
1969 409 2115 451 eoque
2153 399 2292 443 invito

230 476 507 522 Alexander
539 475 720 529 Tigrim
744 479 945 531 superat.
973 476 1016 518 9.
1051 472 1230 518 Milites
1256 474 1313 516 ob
1341 471 1479 516 lunae
1516 471 1744 539 defectum
1776 471 1985 516 turbatos
2014 485 2099 526 per
2115 471 2296 528 Aegyp-

163 559 165 566 ·
231 552 326 596 tios
358 555 489 593 vates
531 549 770 592 confirmat
800 546 1084 595 Alexander.
1155 547 1328 590 Persas
1353 549 1613 590 vastatores
1644 545 1832 590 coniicit
1859 545 1909 586 in
1936 543 2108 598 fugam.
2154 544 2294 589 Darei

229 637 355 667 uxor
383 624 583 679 captiva,
607 635 809 665 moerore
835 619 1060 672 confecta,
1087 633 1350 676 supremum
1374 617 1494 662 diem
1516 618 1629 676 obit,
1649 617 1770 661 unde
1787 615 2046 661 Alexandri
2068 617 2295 666 lacrimae.

231 695 379 740 Darei
413 697 718 752 suspiciones,
763 691 915 738 luctus
949 699 998 738 et
1023 697 1255 753 vota.‚10.
1326 691 1496 734 Pacem
1534 688 1674 734 'tertio
1704 691 1961 748 quaesitam
1990 691 2173 734 Dareus
2204 706 2297 735 non

229 769 468 824 impetrat,
515 769 654 812 immo
692 768 1068 814 ad'deditionein
1106 769 1188 809 aut
1213 765 1275 807 ad
1302 763 1476 807 bellum
1518 765 1575 807 ab
1605 763 1879 809 Alexandro
1907 769 2196 822 provocatur.
2225 769 2295 810 11.

229 840 308 884 Ad
333 839 560 895 proelium
591 842 696 886 dum
713 842 957 888 Persarum
993 855 1042 885 se
1075 838 1312 885 exereitus
1341 841 1491 894 parat,
1528 837 1805 884 Macedones
1828 842 2007 882 terrore
2032 835 2161 880 velut
2184 835 2299 888 lym-

231 911 420 968 phatico
450 915 656 968 percussi
698 927 826 957 arma
851 914 1072 958 alacriter
1109 915 1374 968 capessunt.
1406 914 1477 955 12.
1547 909 1755 954 Consilia
1784 911 1842 954 de
1868 917 2092 956 nocturno
2121 909 2299 966 proelio

230 985 554 1028 Parmenionis
582 991 631 1029 et
661 985 1020 1042 Polypercontis
1049 985 1321 1030 Alexander
1354 985 1541 1028 damnat
1573 997 1820 1038 somnoque
1848 985 2051 1028 refectus
2084 983 2297 1026 interrito

234 1056 369 1102 vultu
401 1072 509 1101 suos
543 1058 601 1100 ad
633 1072 836 1114 pugnam
870 1059 1096 1104 accendit.
1129 1063 1197 1103 1³.
1265 1057 1527 1102 Alexandri
1552 1057 1610 1099 ad
1640 1057 1932 1107 Graecorum,
1979 1057 2211 1110 Dareique
2239 1056 2301 1099 ad

234 1131 487 1176 Persarum
521 1132 757 1175 exercitus
790 1137 898 1176 ante
935 1145 1134 1190 pugnam
1167 1132 1414 1178 orationes.
1445 1134 1515 1174 14.
1592 1129 1780 1174 Cruenti
1822 1131 1880 1172 ad
1909 1127 2093 1174 Arbela
2134 1127 2302 1186 proelii

238 1205 510 1261 descriptio.
571 1203 734 1248 Victor
771 1203 1042 1250 Alexander
1066 1205 1270 1248 Dareum
1298 1205 1467 1248 victum
1501 1205 1810 1259 persequitur.
1845 1207 1914 1247 15.
1972 1201 2217 1246 Parmenio
2252 1200 2303 1242 in

238 1277 507 1322 discrimine
533 1278 813 1320 constitutus
845 1277 1164 1321 Alexandrum
1191 1276 1406 1323 retrahit.
1476 1275 1688 1318 Tandem
1728 1275 1907 1330 integr&
1935 1273 2129 1319 victoria
2162 1273 2299 1330 potiti

141 1391 144 1397 .
236 1350 519 1396 Macedones
551 1348 758 1404 reliquos
784 1349 956 1393 Persas
981 1347 1097 1404 fug&
1127 1349 1217 1392 sibi
1251 1339 1471 1406 quaerere
1507 1347 1704 1392 salntem
1735 1355 1916 1403 cogunt.
1938 1351 2007 1393 16.

178 1465 215 1526 1
369 1460 456 1521 Ca
475 1479 538 1540 p.
579 1458 627 1521 1.
666 1459 910 1534 Darem,
935 1457 1288 1535 tantimodo
1316 1458 1607 1521 exercitus
1636 1478 1759 1533 rex,
1807 1459 1905 1538 qui
1930 1455 2305 1534 triumphan-

237 1545 312 1607 tis
349 1547 537 1625 magis
566 1564 741 1626 quam
775 1544 1108 1607 dimicantis
1149 1563 1319 1607 more
1354 1564 1531 1607 curru
1565 1545 1829 1607 sublimis
1875 1543 2085 1606 inierat
2128 1559 2304 1622 proe-

169 1676 178 1684 .
234 1631 400 1708 lium,
445 1649 555 1712 per
591 1633 742 1707 loca,
792 1649 942 1710 quae
980 1649 1168 1712 prope
1213 1631 1521 1692 immensis
1560 1631 1895 1710 agminibus
1942 1629 2303 1709 impleverat,

173 1716 356 1780 2iam
399 1718 600 1779 inania
647 1729 706 1780 et
747 1716 973 1796 ingenti
1017 1715 1337 1778 solitudine
1372 1725 1536 1778 vasta
1569 1717 1844 1796 fugiebat.
1889 1715 2067 1777 Pauci
2106 1731 2307 1792 regem

235 1803 666 1882 sequebantur:
716 1820 854 1863 nam
898 1820 1012 1863 nec
1056 1803 1268 1864 eodem
1307 1821 1517 1864 omnes
1563 1805 1761 1882 fugam
1808 1802 2200 1871 intenderant,
2248 1806 2307 1859 et

147 1964 152 1970 ⁵
239 1887 648 1969 deficientibus
675 1888 840 1970 equis
867 1901 1107 1951 cursem
1133 1907 1361 1964 eorum,
1413 1908 1565 1969 quos
1602 1908 1707 1951 rex
1738 1888 1991 1951 subinde
2022 1885 2303 1959 mutabat,

173 1983 216 2046 3
237 1994 488 2055 aequare
524 1995 647 2037 non
687 1982 980 2056 poterant.
1051 1976 1291 2059 Onchas
1318 1975 1533 2037 deinde
1559 1975 1845 2056 pervenit,
1892 1974 1995 2036 ubi
2022 1990 2307 2051 excepere

236 2079 374 2124 eum
415 2061 773 2123 Graecorum
817 2069 1092 2141 quattuor
1145 2060 1333 2137 milia,
1406 2080 1541 2123 cum
1585 2062 1795 2142 quibus
1846 2061 1922 2123 ad
1968 2057 2309 2138 Euphraten

199 2148 558 2223 ssbontendiu
601 2148 663 2210 id
693 2148 932 2209 demum
959 2147 1207 2209 credens
1227 2148 1354 2209 fore
1378 2146 1582 2228 ipsiuS‚
1632 2149 1789 2227 quod
1817 2146 2110 2208 celeritate
2131 2162 2308 2223 prae-

193 2236 296 2323 nui
339 2252 438 2296 ere
459 2233 771 2315 potuisset.
815 2234 888 2297 At
902 2233 1235 2295 Alexander
1260 2234 1743 2309 Parmenionem,
1786 2251 1906 2313 per
1940 2250 2116 2312 quem
2148 2230 2310 2308 apud

0 2264 264 2385 ΛΡ,
296 2338 588 2393 amaseam
613 2328 853 2400 recepta
876 2329 1003 2381 erat
1023 2320 1263 2400 praeda,
1300 2318 1529 2381 iussum
1553 2338 1691 2381 -eam
1728 2320 1919 2399 ipsam
1946 2325 2005 2378 et
2043 2316 2309 2397 captivos

247 2404 506 2485 difigenti
529 2424 835 2467 asservare
867 2404 1150 2480 custodia,
1177 2406 1401 2485 Syriae,
1425 2424 1598 2485 quam
1632 2406 1850 2468 Coelen
1876 2410 2108 2476 vocant,
2132 2420 2312 2481 prae-

43 2544 102 2587 7
129 2568 134 2573 ,
241 2492 397 2560 fecit.
455 2493 687 2554 Novum
719 2492 1033 2573 imperium
1061 2491 1192 2573 Syri
1226 2492 1495 2556 nondum
1530 2490 1669 2554 belli
1700 2490 1963 2555 cladibus
2000 2488 2165 2550 statis
2193 2488 2312 2549 do-

0 2550 190 2666 nea-9
238 2577 370 2639 miti·
385 2578 892 2658 aspernabantur3
931 2577 1038 2639 sed
1075 2577 1345 2639 celeriter
1378 2578 1606 2640 subacti
1641 2577 1987 2639 obedienter
2017 2575 2311 2654 imperata

32 2644 152 2810 s
179 2664 222 2725 6
241 2665 526 2725 fecerunt.
581 2663 811 2725 Aradus
849 2681 1088 2744 quoque
1121 2660 1317 2725 insula
1350 2663 1589 2725 deditur
1623 2663 1768 2742 regi.
1812 2662 2159 2723 Maritimam
2180 2667 2313 2723 tum

22 2813 31 2822 ,
242 2767 407 2811 oram
435 2759 492 2811 et
513 2750 796 2830 pleraque
814 2748 1050 2827 longius
1073 2749 1250 2811 etiam
1272 2768 1305 2809 a
1328 2750 1477 2811 mari
1498 2749 1832 2811 recedentia
1853 2767 1959 2810 rex
1990 2748 2115 2809 eius
2136 2746 2313 2808 insu-

215 2826 332 2895 ¹lae
374 2836 570 2897 Strato
599 2834 958 2915 possidebat,
1007 2853 1124 2914 quo
1162 2834 1226 2895 in
1259 2836 1439 2897 fidem
1477 2843 1718 2916 accepto
1768 2845 1955 2895 castra
1998 2832 2182 2894 movit
2231 2834 2313 2894 ad

179 2928 223 2991 7
241 2920 449 2982 urbem
477 2922 804 2983 Marathon.
849 2920 940 2983 lbi
963 2920 1045 2982 illi
1074 2921 1280 2996 literae
1316 2938 1351 2981 a
1384 2922 1573 2982 Dareo
1600 2922 1947 2995 redduntur,
1994 2919 2207 2998 quibus
2245 2927 2313 2980 ut

243 3008 503 3086 superbe
522 3006 757 3087 scriptis
780 3008 1162 3069 vehementer
1181 3008 1447 3069 offensus
1464 3016 1571 3069 est.
1607 3006 1926 3087 Praecipue
1952 3024 2083 3066 eum
2106 3006 2312 3077 movit,

245 3094 406 3173 quod
438 3094 663 3155 Dareus
709 3093 821 3155 sibi
847 3092 1004 3172 regis
1034 3092 1265 3155 titulum
1297 3111 1407 3154 nec
1447 3093 1701 3155 eundem
1725 3091 2038 3154 Alexandri
2080 3090 2316 3154 nomini

183 3184 226 3248 8
245 3180 616 3261 ascripserat.
661 3180 1005 3241 Postulabat
1031 3187 1227 3240 autem
1254 3179 1438 3255 magis
1468 3198 1638 3257 quam
1668 3179 1925 3258 petebat,
1977 3184 2043 3238 ut
2061 3182 2317 3255 accepta

242 3266 514 3346 pecunia,
553 3275 1066 3345 quantamcunque
1100 3273 1221 3326 tota
1247 3264 1587 3326 Macedonia
1621 3275 1873 3344 caperet,
1922 3272 2169 3325 matrem
2194 3262 2319 3325 sibi

205 3368 214 3395 ¹
245 3361 306 3414 et
341 3353 649 3431 coniugem
685 3354 1022 3429 liberosque
1045 3351 1414 3411 restitueret:
1465 3351 1538 3412 de
1569 3369 1753 3429 regno
1780 3368 1987 3430 aequo,
2032 3348 2083 3408 si
2109 3350 2317 3421 vellet,

184 3440 224 3502 9
245 3437 432 3499 Marte
455 3439 858 3500 contenderet.
913 3436 976 3497 Si
1007 3437 1241 3497 saniora
1273 3435 1520 3497 ‘consilia
1558 3438 1799 3502 tandem
1837 3435 1955 3516 pati
1989 3434 2317 3512 potuisset,

327 3530 560 3585 uentus
599 3524 806 3603 patrio,
853 3522 1090 3585 cederet
1127 3522 1298 3584 alieni
1340 3520 1569 3600 imperii
1608 3522 1856 3587 finibus:
1909 3520 2105 3581 socius
2156 3522 2325 3583 ami-

383 3628 469 3688 ‘ue
496 3620 673 3679 esset.
717 3612 785 3672 In
808 3627 876 3670 ea
903 3627 968 3669 se
995 3608 1171 3670 fldem
1202 3615 1260 3668 et
1285 3606 1425 3669 dare
1446 3618 1713 3688 paratum
1741 3616 1800 3668 et
1825 3607 2114 3686 accipere.
