2417 3900
175 95 259 157 22
637 95 736 156 DE
777 95 1040 156 GESTIS
1085 95 1515 157 ALEXANDRJ
1557 96 1798 157 MAGNI
1875 42 1881 60 ι

107 219 150 280 6
171 216 464 280 attulerat.
518 215 648 277 Hoc
682 215 994 277 mulierum
1029 231 1231 275 errore
1274 225 1575 295 comperto
1609 214 1941 278 Alexander
1968 214 2248 274 fortunae

167 302 342 367 Darei
369 311 429 362 et
448 301 652 382 pietati
679 319 882 362 earum
903 299 1283 362 illacrimasse
1305 304 1509 363 fertur.
1546 304 1630 364 Ac
1649 302 1839 383 primo
1870 299 2245 376 Mithrenem,

171 390 272 470 qui
297 388 502 450 Sardis
530 387 881 464 tradiderat,
906 386 1166 466 peritum
1187 387 1424 468 linguae
1446 389 1748 462 Persicae,
1794 388 1881 448 ire
1916 386 1989 446 ad
2022 404 2247 447 conso-

111 473 386 539 '7land'as-
417 493 518 536 eas
555 473 830 538 iusserat.
893 473 1126 536 Veritus
1164 473 1409 550 deinde,
1456 494 1532 536 ne
1574 475 1846 556 proditor
1881 472 2245 553 captivarum

167 561 318 624 iram
354 561 738 640 doloremque
784 575 1125 636 renovaret,
1185 562 1557 623 Leonnatum
1605 581 1677 622 ex
1709 559 2067 640 ,purpuratis
2115 560 2247 620 suis

167 647 356 722 misit,
399 647 629 709 iussum
659 641 953 722 indicare,
1000 647 1146 708 falso
1181 647 1489 708 lamentari
1536 667 1634 708 eas
1686 647 1979 725 [Dareum]
2028 643 2271 707 vivum.

168 734 272 796 Ille
317 751 452 794 cum
499 733 700 831 paucis
745 732 1050 812 armigeris
1084 733 1146 794 in
1185 734 1656 807 tabernaculum,
1711 735 1772 795 in
1820 752 1935 812 quo
1982 733 2250 812 captivae
2409 777 2410 814 ι

112 819 154 880 8
173 827 358 893 erant,
405 819 674 898 pervenit
697 819 1061 899 missumque
1087 834 1152 880 se
1175 838 1209 880 a
1235 827 1376 898 rege
1406 819 1674 906 nunciari
1696 819 1875 881 iubet.
1920 819 1995 880 At
2017 818 2097 890 hi,
2147 817 2251 898 qui
2404 829 2411 884 l

169 905 234 967 in
255 903 545 978 vestibulo
573 913 767 980 erant,
815 914 880 967 ut
907 913 1166 966 armatos
1195 899 1591 987 conspexere,
1636 905 1746 967 rati
1782 915 1974 967 actum
2014 923 2143 965 esse
2169 905 2249 964 de
2409 923 2410 930 ¹

173 989 454 1065 dominis,
497 989 561 1054 in
586 990 1026 1054 tabernaculum
1053 1000 1315 1068 currunt,
1361 992 1767 1060 vociferantes,
1795 994 2007 1053 adesse
2034 1007 2251 1070 supre-

113 1084 152 1146 9
173 1095 329 1140 mam
351 1076 580 1151 horam,
615 1077 973 1156 missosque,
1001 1079 1100 1158 qui
1123 1077 1463 1140 occiderent
1492 1087 1712 1158 captas,
1766 1078 1989 1158 Itaque,
2007 1085 2074 1138 ut
2097 1095 2252 1156 quae

173 1183 287 1228 nec
311 1162 629 1243 prohibere
654 1171 906 1242 possent
929 1183 1042 1225 nec
1062 1165 1371 1226 admittere
1396 1165 1715 1238 auderent,
1764 1165 1921 1225 nullo
1952 1181 2247 1242 responso

74 1254 154 1315 10
175 1250 314 1311 dato
343 1249 553 1312 tacitae
579 1249 1044 1347 opperiebantur
1072 1249 1312 1312 victoris
1347 1250 1669 1312 arbitrium.
1730 1250 2092 1323 LeonnatuS,
2144 1267 2249 1308 ex-

173 1343 442 1416 spectato
467 1335 588 1408 diu,
631 1335 732 1415 qui
750 1355 815 1396 se
839 1336 1259 1410 introduceret,
1298 1344 1684 1422 posteaquam
1720 1355 1895 1396 nemo
1923 1328 2253 1415 procedere

175 1422 484 1500 audebat,
497 1419 714 1483 relictis
757 1423 818 1483 in
857 1421 1144 1483 vestibulo
1191 1421 1538 1484 satellitibus
1582 1423 1763 1485 intrat
1801 1423 1863 1483 in
1898 1423 2254 1482 tabernacu-
2353 1431 2357 1436 ’

173 1508 320 1570 lum.
369 1507 498 1568 Ea
479 1524 609 1588 ipsa
641 1525 740 1568 res
769 1508 1105 1570 turbaverat
1128 1509 1395 1583 feminaS,
1428 1509 1599 1607 ’quod
1632 1508 1941 1588 irrupisse,
1986 1527 2108 1569 non
2143 1507 2253 1566 ad-

75 1601 155 1666 11
175 1595 394 1656 missus
417 1592 746 1655 videbatur.
791 1595 996 1673 Itaque
1021 1603 1210 1655 mater
1235 1603 1292 1656 et
1311 1594 1565 1656 coniunx
1591 1595 1935 1676 provolutae
1962 1595 2036 1654 ad
2061 1594 2253 1675 pedes

177 1697 350 1741 orare
391 1687 735 1759 coeperunt,
790 1689 873 1753 ut,
916 1679 1260 1760 priusquam
1293 1680 1781 1756 interficerentur,
1824 1680 1997 1742 Darei
2032 1698 2253 1759 corpus

12 1835 14 1838 y
174 1764 321 1845 ipsis
369 1765 563 1842 patrio
607 1781 774 1825 more
825 1765 1076 1844 sepelire
1115 1765 1510 1844 permitteret:
1582 1769 1813 1829 functas
1862 1783 2141 1846 supremo
2188 1765 2255 1826 in

77 1855 156 1920 12
177 1868 380 1929 regem
409 1849 603 1912 officio
633 1869 756 1911 non
779 1869 956 1928 aegre
991 1868 1125 1910 sese
1155 1851 1492 1913 morituraS.
1554 1854 1913 1928 LeonnatuS,
1962 1861 2021 1914 et
2060 1853 2258 1913 vivere

177 1933 542 1999 Dareum‘et
585 1936 749 2015 ipsas
795 1956 917 1998 non
958 1936 1289 1999 incolumes
1331 1939 1536 2013 modo,
1594 1941 1702 2002 sed
1752 1939 1927 2002 etiam
1968 1947 2257 2020 apparatu

178 2022 464 2104 pristinae
487 2024 759 2084 fortunae
789 2024 1025 2101 reginas
1051 2025 1199 2084 fore.
1258 2024 1407 2086 Tum
1434 2026 1672 2087 demum
1709 2034 1896 2087 mater
1919 2026 2093 2087 Darei
2114 2027 2251 2087 alle-

177 2108 304 2176 vari
329 2126 396 2170 se
413 2127 592 2189 passa
614 2116 722 2169 est.

78 2198 160 2262 13
304 2194 638 2257 Alexander
655 2201 896 2274 postero
921 2192 1018 2253 die
1043 2211 1176 2261 cum
1198 2211 1337 2254 cura
1368 2195 1615 2273 sepultis
1648 2193 1953 2271 militibus,
2000 2212 2256 2274 quorum

181 2299 432 2361 corpora
459 2282 784 2353 invenerat,
835 2279 1148 2341 Persarum
1177 2297 1415 2360 quoque
1447 2281 1831 2342 nobilissimis
1862 2282 2116 2343 eundem
2142 2280 2257 2341 ho-

179 2386 389 2429 norem
413 2367 621 2429 haberi
642 2368 807 2438 iubet
826 2364 1116 2445 matrique
1140 2366 1314 2426 Darei
1339 2366 1616 2445 permitti,
1661 2386 1813 2446 quos
1841 2370 2031 2442 vellet,
2062 2353 2254 2447 patrio

80 2463 161 2525 14
181 2471 348 2514 more
395 2453 691 2532 sepeliret.
735 2452 840 2514 llla
867 2469 1088 2531 paucos
1126 2460 1251 2513 arta
1281 2452 1719 2535 propinquitate
1759 2453 2107 2516 coniunctos
2144 2470 2256 2531 pro

178 2538 390 2600 habitu
409 2538 739 2618 praesentis
767 2539 1038 2598 fortunae
1065 2538 1297 2599 humari
1330 2537 1519 2615 iussit,
1573 2548 1924 2619 apparatum
1958 2542 2256 2612 funerum,

181 2643 298 2703 quo
320 2624 538 2686 Persae
555 2641 834 2705 suprema
857 2623 1046 2683 officia
1083 2623 1467 2699 celebrarent,
1512 2624 1868 2688 invidiosum
1898 2628 2029 2688 fore
2057 2623 2259 2686 existi-

81 2720 161 2781 15
183 2728 374 2783 ιιιιιιιε,
414 2728 592 2790 quum
615 2711 866 2773 victores
891 2709 1051 2769 haud
1073 2710 1335 2788 pretiose
1358 2719 1779 2774 cremarentur.
1823 2713 2066 2792 lamque
2082 2708 2258 2773 iustis

181 2797 595 2859 defunctorum
623 2794 978 2877 corporibus
1001 2796 1204 2859 solutis
1226 2797 1547 2877 praemittit
1568 2798 1641 2858 ad
1672 2798 1949 2877 captivae,
1971 2798 2072 2879 qui
2100 2815 2256 2859 nun-

185 2882 437 2957 ciarent,
494 2883 692 2963 ipsum
724 2880 956 2944 venire:
1001 2880 1368 2963 inhibitaque
1404 2884 1807 2946 comitantium
1841 2884 2015 2947 turba
2054 2885 2255 2946 taber-

84 2974 166 3037 16
184 2970 460 3031 naculum
479 2988 612 3031 cum
639 2968 1078 3048 Hephaestione
1095 2967 1295 3031 intrat.
1336 2970 1395 3031 Is
1421 2972 1595 3050 longe
1633 2970 1898 3033 omnium
1927 2970 2256 3032 amicorum

185 3055 526 3117 carissimus
569 3063 696 3117 erat
735 3055 890 3133 regi,
945 3074 1078 3115 cum
1113 3054 1245 3134 ipso
1294 3056 1517 3133 pariter
1565 3057 1843 3131 eductuS,
1888 3066 2254 3119 secretorum

187 3142 448 3203 omnium
471 3142 723 3206 arbiter:
768 3140 1051 3203 libertatis
1082 3160 1316 3221 quoque
1350 3142 1411 3202 in
1442 3143 1819 3204 admonendo
1850 3163 1920 3205 eo
1948 3163 2072 3205 non
2108 3142 2254 3204 alius

183 3227 277 3288 ius
302 3228 578 3302 habebat,
625 3227 787 3308 quo'd
817 3236 1015 3288 tamen
1041 3228 1120 3288 ita
1149 3227 1489 3306 usurpabat,
1537 3237 1603 3290 ut
1644 3229 1831 3308 magis
1870 3248 1902 3290 a
1934 3248 2075 3309 rege
2113 3246 2252 3309 per-

120 3354 127 3376 .
190 3314 434 3377 missum
475 3332 650 3394 quam
687 3313 1041 3376 vindicatum
1073 3314 1148 3374 ab
1184 3334 1257 3375 eo
1287 3313 1619 3389 videretur3
1666 3323 1725 3376 et
1760 3316 1909 3378 sicut
1932 3321 2120 3377 aetate
2144 3332 2253 3395 par

86 3399 168 3462 17
191 3409 312 3462 erat
347 3399 492 3480 regi,
540 3401 622 3462 ita
657 3398 926 3481 corporis
953 3400 1157 3461 habitu
1192 3400 1549 3479 praestabat.
1612 3402 1768 3479 Ergo
1804 3401 2044 3480 reginae
2088 3401 2288 3469 ἰΙΙιιιιιι

187 3504 386 3563 regem
410 3506 542 3549 esse
565 3496 728 3549 ratae
753 3505 863 3549 suo
902 3505 1070 3548 more
1101 3494 1413 3549 veneratae
1452 3497 1607 3550 sunt.
1677 3488 1824 3548 Inde
1860 3508 1931 3547 ex
1964 3486 2249 3566 spadoni·
2287 3490 2305 3614 ἱ

188 3572 242 3607 ¹⁸·
229 3592 299 3633 us
335 3573 596 3654 captivis,
646 3574 777 3655 quis
811 3573 1144 3637 Alexander
1176 3582 1351 3649 esset,
1395 3574 1864 3637 monstrantibus
1890 3571 2298 3662 Sysigambis
