2417 3900
237 131 318 193 80
705 131 804 193 DE
841 131 1102 192 GESTlS
1146 129 1575 192 ALEXANDRI
1615 125 1859 189 MAGNI
2399 197 2400 226 Ξ

243 253 366 314 suri
396 252 513 312 sint
537 269 644 312 sua
676 259 910 346 sponte,
945 267 1066 309 non
1099 248 1176 308 ob
1207 247 1363 309 aliud
1400 258 1517 311 tam
1554 245 1891 318 calamitosi,
1932 257 2107 322 quam
2138 242 2317 341 quod
2399 247 2400 250 ’

35 375 40 384 ·
140 338 353 400 201111s
387 354 584 398 carere
614 336 796 396 coacti
837 341 1052 396 essent.
1109 335 1186 394 Se
1222 343 1379 396 certe
1411 333 1741 396 rediturum
1770 331 1842 391 ad
1877 334 2123 409 penates
2152 336 2218 388 et
2248 327 2317 390 in

241 422 488 504 patriam
523 429 802 500 tantoque
839 418 1123 480 beneficio
1157 419 1315 497 regis
1350 438 1625 482 usurum:
1666 419 1718 480 si
1746 434 1895 498 quos
1928 413 2317 476 contubernii

215 508 695 586 liberorumque,
723 524 883 586 quos
905 505 1154 566 servitus
1185 505 1478 583 coegisset
1503 488 1843 584 agnoscere,
1878 517 2046 561 amor
2071 498 2317 559 detine-

137 600 220 662 21
239 602 350 668 ret,
393 593 812 671 relinquerent,
843 591 1067 669 quibus
1099 589 1182 652 nil
1219 591 1409 668 patria
1438 592 1630 652 carius
1664 596 1839 650 esset.
1904 583 2087 646 Pauci
2127 585 2311 646 huius
2399 617 2400 654 ς

242 677 568 740 sententiae
591 678 785 737 fuere:
821 685 1048 737 ceteros
1085 677 1453 737 consuetudo
1480 679 1685 738 natura
1714 673 1910 754 potior
1948 669 2101 732 vicit.
2144 669 2313 730 Con-
2399 671 2400 706 l

243 773 579 836 senserunt,
608 762 926 841 petendum
959 779 1094 822 esse
1131 779 1164 820 a
1197 779 1358 840 rege,
1396 771 1463 823 ιιι
1496 762 1749 841 aliquam
1780 757 1929 838 ipsis
1960 755 2321 816 attribueret

140 855 222 918 22
243 850 464 910 sedem.
511 850 758 909 Centum
781 848 854 906 ad
875 847 992 906 h'oc
1013 845 1200 906 allecti
1219 856 1384 907 sunt:
1412 862 1561 926 quos
1585 845 1915 906 Alexander
1938 850 2121 913 ratae,
2148 842 2318 920 quod

183 953 190 958 ·
171 934 374 1014 ipse
410 939 708 1010 praestare
738 931 1049 1009 cogitabat,
1091 931 1401 1009 petituros,
1436 933 1721 1004 lumenta,
1758 928 1970 1007 inquit:
2004 926 2317 1004 assignari,

245 1034 396 1098 quae
423 1035 526 1077 vos
544 979 848 1090 veherenfft
863 1027 921 1076 et
941 1015 1186 1093 singulis
1208 1019 1467 1077 vestrum
1494 1017 1651 1078 mille
1672 1013 1977 1076 denarium
1997 1011 2158 1072 dari
2142 1011 2318 1073 iussi.

245 1105 440 1200 Quum
473 1101 802 1164 redieritis
785 1119 848 1161 ιιι
875 1101 1196 1200 Graeciam,
1233 1102 1566 1180 praestabo,
1600 1119 1677 1162 ne
1708 1099 1839 1180 quis
1868 1106 2086 1160 statum
2118 1114 2317 1170 suum,

50 1233 56 1246 ι
141 1192 226 1256 23
245 1189 298 1250 si
325 1190 474 1249 haec
494 1186 788 1248 calamitas
813 1187 982 1260 absit,
1001 1165 1204 1249 vestro
1232 1188 1434 1249 credat
1454 1205 1585 1248 esse
1606 1185 1930 1248 meliorem.
1951 1182 2059 1243 *mi
2086 1182 2319 1244 obortis

245 1272 500 1338 lacrimis
523 1280 742 1334 terram
763 1272 1146 1334 intuebantur
1167 1290 1279 1333 nec
1300 1281 1400 1335 aut
1430 1273 1655 1351 erigere
1677 1271 1870 1331 vultus
1896 1277 1993 1330 aut
2018 1267 2187 1347 loqui
2214 1283 2319 1329 au-

248 1359 491 1422 debant:
523 1359 763 1419 tandem
797 1375 936 1435 rege
967 1355 1234 1418 tristitiae
1260 1375 1529 1420 caussam
1572 1357 1841 1436 exigente
1874 1355 2212 1416 Euctemon
2240 1352 2319 1414 si·
2399 1357 2400 1364 ’

143 1444 229 1508 24
245 1443 404 1507 milia
430 1442 520 1515 iis,
551 1443 780 1522 quaein
802 1442 1049 1504 consilio
1077 1442 1318 1517 dixerat,
1343 1442 1669 1524 respondit.
1714 1441 1905 1520 Atque
1928 1440 2023 1500 ille
2044 1457 2170 1500 non
2200 1441 2322 1500 for-

248 1538 429 1592 tunae
453 1529 645 1590 solum
671 1547 896 1603 eorum,
919 1529 1026 1588 sed
1049 1529 1221 1588 etiam
1248 1529 1643 1609 poenitentiae
1670 1525 1949 1588 misertus
1970 1533 2141 1586 terna
2164 1524 2322 1585 milia

181 1641 189 1646 ·
247 1613 558 1678 denarium
583 1613 828 1690 singulis
857 1613 984 1674 dari
1007 1613 1208 1674 iussit:
1236 1614 1424 1676 denae
1445 1624 1641 1675 vestes
1669 1613 1930 1674 adiectae
1952 1617 2110 1682 sunt,
2139 1618 2203 1671 et
2228 1627 2323 1672 ar-

246 1706 449 1762 menta
469 1717 599 1760 curn
618 1699 936 1777 pecoribus
955 1709 1024 1759 ac
1040 1699 1335 1761 frumento
1354 1701 1507 1773 data,
1531 1708 1596 1762 ut
1612 1699 1725 1759 coli
1748 1697 1983 1776 serique
2004 1695 2321 1757 attributus

240 1783 320 1845 iis
345 1800 380 1845 a
421 1801 487 1844 er
551 1791 730 1844 osset.

177 1859 230 1941 '1
381 1800 550 1946 {ag
583 1867 694 1928 vl.
744 1867 992 1928 Postero
1033 1865 1130 1926 die
1171 1874 1523 1928 convocatos
1562 1867 1743 1928 duces
1788 1865 2093 1944 copiarum
2128 1865 2322 1938 docet,

251 1952 475 2015 nullam
503 1952 868 2015 infestiorem
895 1952 1105 2014 urbem
1133 1952 1371 2013 Graecis
1402 1971 1557 2025 esse,
1594 1970 1769 2032 quam
1800 1953 2020 2029 regiam
2057 1960 2323 2013 veterum

250 2037 514 2101 Persidis
558 2056 784 2117 regum.
849 2036 1002 2101 Hinc
1045 2037 1142 2098 illa
1175 2038 1463 2099 immensa
1507 2038 1736 2117 agmina
1780 2038 1993 2112 infusa,
2030 2037 2172 2098 hinc
2210 2038 2323 2099 Da·-

250 2129 422 2185 reum
467 2123 632 2203 prius
649 2170 666 2196 ,
713 2122 932 2185 deinde
975 2122 1228 2185 Xerxem
1273 2123 1549 2203 Europae
1592 2124 1835 2203 impium
1878 2123 2151 2185 intulisse
2200 2123 2325 2183 bel-

191 2211 234 2274 2
251 2210 398 2273 lum.
493 2207 735 2272 Excidio
773 2208 930 2271 illius
981 2208 1405 2287 parentandum
1460 2228 1595 2271 esse
1642 2208 1980 2271 maioribus.
2082 2208 2325 2288 Iamque

239 2293 490 2358 -barbari
526 2295 764 2359 deserto
796 2293 1020 2373 oppido
1037 2339 1053 2368 ,
1097 2310 1213 2373 qua
1250 2312 1541 2374 quemque
1574 2303 1763 2369 metus
1792 2294 2001 2373 agebat
2018 2340 2035 2363 ,
2071 2294 2327 2373 diffuge-

251 2388 407 2455 rant,
436 2400 617 2460 quum
646 2399 752 2442 rex
785 2380 1136 2459 phalangem
1163 2379 1247 2441 nil
1268 2389 1573 2441 cunctatus
1599 2379 1843 2441 inducit.
1884 2380 2097 2440 Multas
2130 2379 2328 2452 urbes,

254 2467 502 2527 refertas
539 2466 836 2546 opulentia
865 2466 1046 2543 regia,
1079 2465 1292 2544 partim
1324 2475 1775 2544 expugnaverat,
1810 2464 2021 2543 partim
2054 2464 2117 2526 in
2144 2464 2331 2525 fidem

195 2558 238 2621 3
256 2559 590 2630 acceperat,
625 2551 733 2613 sed
766 2550 932 2611 urbis
960 2549 1135 2613 huius
1167 2549 1401 2611 divitiae
1442 2552 1630 2612 vicere
1664 2550 1992 2629 praeter-ita.
2064 2550 2135 2611 In
2172 2550 2331 2612 hauc

255 2632 440 2698 totius
455 2635 719 2697 Persidis
741 2652 887 2717 opes
913 2644 1336 2714 congesserant
1360 2634 1627 2697 barbari:
1660 2650 1866 2697 aurum
1898 2646 2331 2716 argentumque

257 2718 612 2781 cumulatum
649 2729 793 2794 erat,
840 2719 1018 2781 vestis
1055 2720 1265 2799 ingens
1303 2721 1548 2795 modus,
1589 2723 1853 2801 supellex
1886 2740 2009 2783 non
2049 2722 2125 2783 ad
2155 2740 2331 2783 usum

190 2804 507 2885 ⁴[modo],
543 2805 656 2870 sed
689 2806 764 2867 ad
801 2805 1257 2869 ostentationem
1291 2807 1465 2869 luxus
1504 2815 1855 2886 comparata.
1926 2808 2135 2884 Itaque
2154 2808 2333 2868 inter

257 2890 426 2971 ipsos
451 2889 706 2954 victores
736 2891 890 2951 ferro
917 2890 1331 2954 dimicabatur·
1369 2911 1479 2971 pro
1508 2893 1680 2955 hoste
1708 2902 1849 2966 erat,
1888 2893 1989 2975 qui
2016 2891 2333 2971 pretiosio-

259 2993 389 3038 rem
419 2984 808 3056 occupaverat
833 2977 1142 3055 praedam:
1185 2986 1246 3040 et
1282 2997 1465 3057 quum
1498 2978 1709 3051 emnia,
1746 2994 1899 3056 quae
1938 2978 2332 3056 recipiebant,

263 3078 477 3143 capere
497 3080 616 3125 non
634 3070 895 3143 possent,
918 3062 1034 3125 iam
1060 3081 1158 3124 res
1177 3080 1298 3127 non
1317 3064 1769 3145 occupabantur,
1796 3064 1919 3129 sed
1932 3064 2333 3126 aestimaban-

193 3144 378 3216 fitur.
434 3146 800 3212 Lacerabant
823 3148 1012 3246 regias
1033 3156 1229 3209 vestes
1257 3150 1335 3211 ad
1360 3168 1427 3211 se
1456 3149 1703 3229 quisque
1736 3158 1961 3229 partem
2004 3150 2333 3223 trahentes,

265 3226 525 3295 dolabris
559 3232 855 3314 pretiosae
888 3233 1029 3297 artis
1064 3251 1202 3295 vasa
1244 3235 1585 3309 caedebant,
1630 3236 1775 3297 nibil
1804 3253 2040 3313 neque
2048 3235 2335 3298 intactum

268 3326 394 3382 erat
425 3328 618 3400 neque
645 3316 940 3399 integrum
963 3319 1277 3395 ferebatur,
1304 3321 1552 3420 abrupta
1576 3320 2019 3383 simulacrorum
2044 3324 2333 3393 membra,
2399 3336 2400 3347 ¹

205 3400 335 3468 out
359 3404 608 3487 quisque
635 3406 926 3481 avelleret,
955 3405 1240 3469 trahebat.
1284 3396 1487 3487 Neque
1512 3407 1749 3469 avaritia
1789 3407 1997 3477 solum,
2022 3409 2135 3475 sed
2160 3408 2337 3469 etiam

273 3491 630 3557 crudelitas‘
612 3512 672 3555 ιιι
714 3500 880 3575 capta
913 3492 1060 3555 urbe
1093 3501 1356 3571 grassata
1388 3500 1507 3556 est:
1552 3511 1695 3555 auro
1731 3502 2091 3571 argentoque
2132 3492 2339 3556 onusti

275 3574 412 3639 vilia
441 3579 804 3661 captivorum
841 3597 1093 3661 corpora
1129 3579 1544 3663 trucidabant,
1554 3580 1893 3678 passimque
1929 3578 2085 3641 obvii
2122 3580 2340 3643 caede·
