2417 3900
205 85 276 148 ‘8
673 79 774 142 Du
819 73 1082 140 GESTIS
1115 70 1560 136 -ALEXANDRI
1598 69 1842 134 MAGNI

231 203 454 284 quippe
489 198 690 262 Ρθΐδίδ
733 213 974 276 quoque
1007 193 1074 254 in
1119 192 1361 260 totidem
1405 191 1531 252 dies
1574 191 1909 270 descriptus
1953 197 2049 253 est
2090 209 2321 262 annus,
2394 213 2417 254 η

129 285 210 351 11
231 289 481 352 Currum
529 283 746 360 deinde
783 281 914 350 Iovi
959 286 1259 342 sacratum
1304 278 1573 341 albentes
1620 276 1917 338 vehebant
1950 277 2128 360 nequi:
2160 331 2175 338 -
2196 281 2320 344 hos

231 371 480 436 eximiae
513 365 934 450 magnitudinis
969 384 1190 445 equus,
1236 382 1415 443 quem
1446 363 1603 426 Solis
1637 363 2044 444 appellabant,
2092 383 2321 444 seque-
2415 383 2416 392 ¹

229 460 423 522 batur.
489 459 719 518 Aureae
749 453 946 532 virgae
981 460 1042 514 et
1074 451 1245 512 albae
1281 459 1475 512 vestes
1509 458 1783 528 regentes
1822 467 2011 530 equos
2048 450 2318 514 adorna-

129 550 210 612 12
231 547 392 607 bant.
437 542 609 604 Haud
630 540 838 622 procul
857 545 1030 601 erant
1050 537 1315 600 vehicula
1340 538 1549 598 decem
1565 537 1749 598 multo
1774 554 1917 598 auro
1934 545 2319 618 argentoque

233 631 470 703 caelata.
539 627 916 707 Sequebatur
951 625 1104 686 haec
1141 621 1435 703 equitatus
1476 622 1788 685 duodecim
1830 622 2095 702 gentium
2122 623 2321 686 'variis

231 808 396 874 cant,
437 799 513 860 ad
551 800 760 862 decem
793 797 972 860 milia.
1037 795 1243 856 Cultus
1288 794 1629 874 opulentiae
1666 795 2119 856 barbarae-non
2165 795 2320 859 alios

217 885 420 964 'magis
459 884 848 946 honestabat:
907 881 994 944 illi
1033 897 1249 942 aureos
1284 887 1561 960 torques,
1608 879 1695 943 illi
1731 889 1957 944 vestem
1998 899 2147 944 auro
2188 883 2321 946 dis-

227 971 470 1034 tinctam
499 970 800 1031 habebant
825 967 1267 1046 manicatasque
1294 966 1525 1030 tunicas
1556 967 1808 1046 gemmis
1837 967 2012 1030 etiam
2044 969 2313 1030 adorna-

128 1057 212 1119 14
227 1066 340 1120 tas.
384 1054 611 1135 Exiguo
635 1054 960 1130 intervallo,
999 1070 1148 1134 quos
1171 1061 1456 1132 cognatos
1478 1054 1636 1134 regis
1660 1054 1979 1135 appellant,
2018 1055 2232 1118 decem
2254 1065 2318 1118 et

229 1143 496 1224 quinque
518 1141 677 1203 milia
699 1139 1028 1203 hominum.
1095 1139 1260 1203 Haec
1287 1158 1424 1202 vero
1452 1140 1654 1214 turba,
1690 1139 2060 1204 muliebriter
2089 1161 2319 1224 prope—

226 1230 475 1291 modum
505 1229 692 1304 culta,
723 1227 866 1290 luxu
899 1225 1098 1306 magis,
1126 1243 1307 1306 quam
1336 1225 1573 1288 decoris
1605 1227 1787 1289 armis
1814 1227 2139 1308 conspicua
2168 1237 2317 1292 erat.

128 1319 209 1380 15
227 1313 560 1394 Doryphori
585 1315 953 1376 vocabantur
980 1312 1315 1394 proximum
1343 1312 1437 1375 his
1466 1331 1501 1374 a
1606 1333 1710 1390 en,
1762 1313 1921 1376 soliti
1947 1323 2179 1378 vestem
2211 1335 2316 1377 ex-

230 1399 432 1481 cipere
454 1401 734 1478 regalem.
789 1399 864 1461 Hi
889 1418 1126 1462 currum
1157 1399 1319 1478 regis
1344 1401 1498 1464 ante'
1546 1408 1679 1476 ant,
1718 1418 1837 1480 quo
1871 1400 2005 1480 ipse
2042 1401 2319 1464 eminens

128 1488 211 1552 16
229 1486 574 1548 vehebatur.
633 1486 961 1565 Utrumque
995 1503 1202 1548 currus
1239 1487 1393 1548 latus
1431 1488 1681 1548 deorum
1712 1485 2027 1550 simulacra
2061 1507 2131 1549 ex
2167 1507 2317 1552 auro

231 1581 601 1653 argentoque
645 1589 930 1653 expressa
973 1571 1363 1648 decorabant3
1414 1573 1857 1652 distinguebant
1892 1572 2317 1638 internitentes

213 1675 502 1736 ‘gemmae
534 1657 758 1736 iugum,
796 1675 870 1720 ex
904 1676 1020 1736 quo
1059 1656 1401 1729 eminebant
1430 1659 1549 1720 duo
1588 1677 1765 1721 aurea
1794 1659 2112 1722 simulacra
2145 1661 2315 1724 cubi-

226 1742 384 1818 talia,
413 1760 666 1823 quorum
689 1743 941 1806 alterum
963 1741 1117 1819 Nini,
1146 1743 1393 1806 alterum
1415 1745 1542 1808 Beli
1564 1746 1807 1824 gerebat
1832 1746 2107 1826 effigiem.
2150 1747 2317 1810 Inter

227 1828 384 1890 haec
407 1845 652 1890 auream
676 1827 932 1910 aquilam
953 1829 1171 1909 pinnas
1195 1831 1535 1892 extendenti
1560 1831 1811 1894 similem
1832 1843 2229 1896 sacraverant.

129 1921 213 1987 17
360 1913 567 1977 Cultus
584 1913 744 1995 regis
765 1914 922 1979 inter
944 1915 1143 1978 omnia
1162 1917 1394 1979 luxuria
1413 1917 1745 1981 notabatur.
1786 1919 2129 2001 Purpureae
2149 1919 2313 1983 tuni-

128 2008 212 2071 18
231 2000 626 2063 cae‘medium
645 2002 847 2064 album
866 2002 1158 2066 intextum
1177 2012 1335 2065 erat:
1375 2004 1589 2083 pallam
1614 2024 1757 2067 auro
1785 2005 2123 2068 distinctam
2146 2007 2313 2070 aurei

229 2085 577 2166 accipitres,
611 2089 771 2151 velut
798 2088 1014 2151 rostris
1037 2087 1196 2150 inter
1222 2107 1291 2151 se
1317 2099 1769 2165 concurrerent,
1804 2093 2209 2170 adornabant3
2256 2101 2315 2155 et

227 2174 380 2235 zona
417 2176 596 2235 aurea
631 2174 1002 2239 muliebriter
1039 2173 1266 2237 cinctus
1300 2175 1599 2237 acinacem
1636 2178 2061 2257 suspenderat,
2106 2178 2199 2240 cui
2242 2197 2314 2241 ex

128 2266 210 2330 19
229 2274 464 2339 gemma
494 2258 707 2339 vagina
747 2269 892 2324 erat.
961 2260 1219 2324 Cidarim
1256 2260 1477 2324 Persae
1514 2262 1744 2342 regium
1780 2262 1984 2345 capitis
2020 2264 2313 2327 vocabant

125 2352 211 2415 20
227 2344 494 2424 insigne:
535 2346 656 2409 hoc
680 2348 946 2423 caerulea
972 2346 1151 2409 fascia
1180 2348 1316 2411 albo
1344 2348 1619 2411 distincta
1647 2349 2009 2412 circumibat.
2056 2350 2310 2413 Currum

229 2429 439 2492 decem
457 2430 618 2493 milia
633 2433 1005 2496 hastatorum
1022 2434 1455 2512 sequebantur:
1488 2435 1689 2496 hastas
1708 2444 1953 2513 argento
1976 2446 2310 2513 exornatas,

125 2522 207 2585 21
229 2516 457 2597 spicula
480 2533 624 2579 auro
649 2520 908 2598 praefixa
931 2518 1262 2597 gestabant.
1296 2520 1513 2584 Dextra
1536 2518 1820 2599 laevaque
1842 2538 2048 2599 regem
2068 2520 2310 2585 ducenti
2415 2518 2416 2527 ’

230 2601 424 2665 ferme
449 2600 803 2666 nobilissimi
827 2604 1301 2686 propinquorum
1328 2605 1782 2669 comitabantur.
1836 2606 2062 2669 Horum
2092 2624 2307 2687 agmen

231 2688 616 2751 'claudebatur
637 2689 874 2771 triginta
897 2690 1135 2753 milibus
1156 2691 1454 2772 peditum,
1497 2712 1648 2774 quos
1675 2692 1813 2773 equi
1836 2692 1996 2773 regis
2026 2695 2309 2775 quadrin-
2339 2748 2343 2759 .

127 2779 210 2840 22
231 2775 395 2853 genti
419 2776 839 2855 sequebantur.
883 2777 1194 2840 Intervallo
1223 2778 1439 2841 deinde
1460 2778 1637 2842 unius
1664 2779 1841 2842 stadii
1860 2790 2114 2843 matrem
2135 2781 2304 2843 Darei

228 2860 619 2941 Sisygambim
651 2882 862 2926 currus
900 2862 1167 2939 vehebat,
1209 2874 1269 2927 et
1295 2864 1357 2926 in
1392 2864 1506 2926 alio
1540 2873 1667 2927 erat
1700 2866 1932 2929 coniux.
1982 2868 2181 2931 Turba
2214 2866 2301 2928 fe-

128 2948 211 3013 23
229 2944 524 3010 minarum
573 2948 812 3028 reginas
858 2949 1262 3015 comitantium
1310 2951 1479 3031 equis
1524 2953 1884 3015 vectabatur.
1956 2952 2301 3027 Quindecim

231 3032 479 3110 deinde,
522 3052 670 3116 quas
695 3053 1061 3098 armamaxas
1091 3038 1415 3118 appellant,
1454 3038 1875 3117 sequebantur.
1922 3039 1990 3101 In
2020 3040 2113 3101 his
2142 3048 2301 3101 erant

227 3115 400 3181 liberi
421 3120 598 3199 regie,
627 3128 686 3182 et
707 3120 810 3203 qui
832 3122 1165 3185 educabant
1188 3141 1312 3199 eoS,
1336 3124 1792 3205 spadonumque
1815 3142 1959 3203 grex
1979 3126 2139 3189 haud
2161 3144 2298 3189 sane

127 3204 213 3267 24
229 3204 346 3267 illis
387 3207 666 3286 gentibus
711 3209 861 3272 vilis.
931 3211 1081 3272 Tum
1124 3208 1322 3289 regiae
1367 3209 1609 3291 pellices
1658 3217 1957 3273 trecentae
2004 3211 2297 3289 sexaginta

228 3291 596 3358 vehebantur
618 3303 678 3356 et
702 3294 868 3376 ipsae
885 3295 1068 3376 regali
1088 3296 1245 3359 cultu
1265 3306 1616 3378 ornatuque.
1655 3296 1808 3360 Post.⁴
1824 3316 1971 3379 quas
1990 3297 2294 3377 pecuniam

228 3380 387 3457 regis
425 3381 688 3444 sexcenti
725 3382 866 3445 muli
893 3390 952 3445 et
977 3382 1225 3445 trecenti
1252 3384 1460 3447 cameli
1479 3384 1773 3449 vehebant
1795 3383 2093 3466 praesidio
2120 3382 2292 3461 sagit-

7 3484 12 3491 ·
131 3456 217 3518 25
234 3464 516 3528 tariorum
547 3478 968 3550 prosequente.
1029 3470 1509 3552 Propinquorum
1542 3471 1986 3553 amicorumque
2021 3468 2293 3547 coniuges

229 3543 374 3647 huic
404 3556 624 3631 agmini
657 3556 962 3637 proximae
985 3557 1351 3639 lixarumque
1382 3569 1441 3623 et
1470 3560 1744 3624 calonum
1773 3575 1981 3638 greges
2006 3554 2295 3617 veheban-

2384 501 2417 578 7¹

2414 591 2417 644 l

7 759 9 761 .
128 718 210 782 13
233 714 414 778 armis
448 719 509 774 et
542 713 830 776 moribuS.
873 708 1134 774 Proximi
1163 711 1360 783 ibant,
1398 727 1548 788 quos
1573 710 1793 770 Persae
1814 707 2181 771 immortales
2205 725 2321 772 'vo-
2415 729 2416 766 l

2392 1555 2417 1582 ἢ

2392 1619 2417 2107 l

2407 2114 2417 2513 l
