2417 3900
286 130 408 193 126
741 126 840 189 DE
887 126 1145 189 GEs'rls
1190 127 1619 191 ALEXANDRI
1661 125 1903 189 MAGNI

213 252 254 313 3
273 248 690 329 sequebantur.
757 247 894 327 Ipse
931 267 1014 311 Lx
1049 247 1260 309 diebus
1306 257 1540 328 gentem
1578 247 2003 323 Euergetarum
2040 244 2351 323 ordinavit,
2416 253 2417 324 l

2 379 6 387 -
123 380 132 387 ·
214 339 254 398 4
273 336 486 416 magne
521 332 772 413 pecunia
809 335 884 396 ob
923 335 1215 413 egregiam
1252 334 1315 397 in
1350 336 1563 415 Cyrum
1600 333 1779 395 fidem
1820 331 2057 393 donata.
2122 332 2349 395 Relicto

275 420 502 492 deinde,
545 419 644 498 qui
667 418 740 481 iis
764 430 1082 499 praeesset,
1127 421 1409 483 Amedine
1434 420 1655 498 (scriba
1682 418 1735 479 is
1761 416 1931 479 Darei
1960 418 2175 495 fuerat)
2202 421 2349 481 Ara·-
2416 423 2417 468 i

273 506 530 578 chosioS‚
562 523 810 583 quorum
835 507 998 585 regio
1025 507 1101 567 ad
1127 507 1436 569 Ponticum
1458 524 1618 569 mare
1642 504 1917 584 pertinet,
1942 504 2197 582 subegit.
2264 506 2349 567 lbi
2416 507 2417 532 ¹

271 590 604 665 exercitum,
629 591 728 671 qui
755 593 868 653 sub
889 594 1281 654 Parmenione
1306 595 1509 667 suerat,
1534 589 1857 669 occupavit.
1903 590 2019 651 Sex
2040 590 2201 651 milia
2226 592 2346 652 Ma-

272 678 565 741 cedonum
603 686 768 737 erant
801 687 862 738 et
897 699 966 739 cc
990 678 1229 739 nobiles
1264 687 1323 740 et
1354 678 1613 758 quinque
1646 676 1802 737 milia
1828 675 2189 737 Graecorum
2218 696 2342 739 cum

215 768 252 827 5
274 763 564 844 equitibus
581 782 677 837 ne,
701 762 856 824 haud
881 765 1056 826 dubie
1079 765 1267 825 robur
1282 765 1539 827 omnium
1560 762 1769 824 virium
1789 762 1967 839 regis..
2010 764 2341 825 Amchosiis
2401 760 2403 763 ’

275 851 444 915 datus
465 849 678 909 Menon
703 861 961 927 praetor,
989 868 1051 911 ιν
1074 850 1309 912 milibus
1327 851 1591 929 peditum
1612 858 1669 910 et
1686 866 1761 909 nc
1784 847 2075 927 equitibus
2094 847 2159 912 in
2176 868 2345 929 prae-

273 935 484 995 sidium
518 933 752 994 relictiS.

399 1020 533 1098 lpse
560 1037 665 1080 rex
688 1019 984 1081 nationem
1015 1038 1091 1081 ne
1114 1020 1377 1081 finitimis
1413 1020 1647 1099 quidem
1684 1018 1829 1079 satis
1863 1026 2082 1091 notam,
2124 1019 2347 1097 quippe

274 1105 433 1166 nullo
463 1105 810 1165 commercio
839 1105 1130 1166 volentem
1165 1114 1403 1167 mutuos
1430 1124 1591 1178 usuS,
1630 1120 1765 1165 cum
1802 1103 2049 1164 exercitu
2082 1102 2343 1165 intravit.

214 1196 252 1257 6
275 1190 761 1271 paropamisadae
801 1192 1187 1270 appellantur,
1232 1199 1463 1270 agreste
1503 1190 1811 1252 hominum
1848 1206 2049 1267 genuS,
2086 1196 2150 1250 et
2178 1187 2348 1250 inter

181 1312 188 1317 -
271 1276 556 1337 barbaros
601 1275 855 1337 maxime
894 1277 1279 1338 inconditum.
1362 1278 1656 1338 Locorum
1706 1275 1993 1354 asperitas
2038 1274 2346 1335 hominnm

215 1366 254 1426 7
275 1380 508 1440 quoque
531 1361 764 1440 ingenia
787 1363 1118 1424 duraverat.
1165 1362 1601 1423 Gelidissimum
1626 1359 2064 1440 septemtrionis
2080 1377 2254 1421 axem
2278 1379 2346 1421 ex

274 1464 482 1525 magna
509 1455 677 1526 parte
703 1456 988 1527 spectant,
1016 1448 1339 1511 Bactrianis
1362 1450 1437 1510 ad
1464 1448 1827 1509 occidentem
1855 1446 2148 1507 coniuncti
2174 1456 2343 1519 sunt;
2407 1457 2414 1495 ἵ

215 1536 253 1597 8
272 1532 593 1595 meridiana
617 1533 782 1611 regio
809 1534 881 1593 ad
911 1552 1074 1595 mare
1094 1534 1359 1596 Indicum
1387 1533 1589 1612 vergit.
1661 1532 1915 1610 Tuguria
1940 1533 2123 1593 latere
2156 1532 2343 1611 primo

271 1626 522 1696 struunt,
563 1627 623 1680 et
643 1618 775 1697 quia
803 1619 1020 1680 sterilis
1043 1628 1134 1680 est
1159 1628 1315 1681 terra
1344 1620 1605 1691 materia,
1646 1616 1708 1677 in
1740 1618 1901 1681 nudo
1930 1617 2103 1679 etiam
2131 1618 2342 1680 montis

274 1703 476 1777 dorso,
523 1721 711 1780 usque
741 1704 813 1763 ad
843 1722 1134 1766 summum
1169 1704 1564 1767 aedificiorum
1600 1702 1891 1780 fastigium
1922 1703 2135 1763 eodem
2168 1704 2342 1766 later-
2401 1725 2409 1767 ί

213 1789 250 1849 9
275 1788 404 1851 culo
439 1794 698 1849 utuntur.
765 1788 1032 1849 Ceterum
1063 1797 1353 1880 structura
1379 1790 1547 1851 latior
1583 1789 1653 1851 ab
1683 1788 1801 1849 imo
1830 1789 2125 1868 paullatim
2152 1789 2339 1851 incre·
2407 1790 2417 1840 '⁴

271 1880 470 1939 mento
503 1873 700 1952 operis
727 1871 788 1931 in
821 1874 1306 1952 arctiuscogitur,
1352 1875 1423 1935 ad
1450 1875 1712 1937 ultimum
1741 1874 1805 1935 in
1835 1874 2065 1935 carinae
2094 1876 2339 1938 maxime
2415 1906 2417 1923 1

176 1966 254 2028 10
273 1958 514 2019 modum
539 1959 673 2019 coit.
719 1958 805 2019 lbi
833 1961 1120 2020 foramine
1144 1962 1349 2021 relicto
1380 1981 1634 2040 superne
1658 1963 1857 2022 lumen
1885 1961 2198 2040 accipiunt.
2254 1961 2343 2022 Ad

273 2043 529 2105 medium
552 2043 696 2104 vites
725 2053 784 2104 et
811 2047 1078 2120 arboreS,
1123 2045 1172 2106 si
1199 2065 1349 2124 quae
1382 2047 1443 2106 in
1481 2055 1645 2108 tanto
1676 2055 1867 2108 terrae
1900 2047 2099 2124 rigore
2132 2048 2341 2110 durare
2407 2047 2409 2049 ’

271 2139 610 2209 potuerunt,
635 2131 910 2192 obruunt.
975 2131 1219 2192 Penitus
1243 2133 1437 2193 hieme
1462 2132 1733 2194 defossae
1758 2133 1957 2194 latent.
2025 2133 2225 2204 Quum
2248 2131 2341 2194 nix

177 2229 250 2292 11
275 2211 532 2276 discussa
577 2216 804 2296 aperire
830 2220 1071 2280 humum
1099 2217 1311 2296 coepit,
1358 2219 1521 2280 coelo
1560 2218 1787 2297 solique
1820 2218 2167 2280 redduntur.
2236 2217 2343 2280 Ge·
2415 2253 2417 2266 =

274 2310 464 2362 terum
491 2300 636 2362 adeo
666 2304 816 2363 altae
841 2303 1006 2364 nives
1034 2312 1311 2382 premunt
1333 2310 1567 2377 terram,
1595 2303 1728 2382 gelu
1754 2310 1815 2364 ct
1837 2313 2129 2383 perpetuo
2152 2321 2337 2384 paene

271 2387 464 2466 rigore
491 2389 860 2462 constrictae,
909 2398 1073 2451 utne
1099 2388 1291 2449 avium
1316 2389 1555 2467 quidem
1580 2391 1813 2452 feraeve
1840 2390 2007 2452 ullius
2034 2391 2341 2469 vestigium
2411 2364 2417 2487 1

273 2480 444 2532 extet.
495 2472 756 2533 Obscura
788 2475 934 2534 coeli
959 2474 1150 2534 verius
1175 2474 1379 2534 umbra
1408 2493 1579 2554 quam
1606 2477 1721 2547 lux,
1768 2476 1925 2536 nocti
1950 2475 2177 2550 similis,
2204 2493 2339 2556 pre-
2415 2490 2417 2514 ³

271 2555 376 2616 mit
402 2563 636 2630 terram,
666 2557 754 2618 vix
781 2566 847 2618 ut
871 2575 1020 2638 quae
1047 2578 1243 2638 prope,
1262 2566 1400 2620 sunt
1430 2561 1691 2640 conspici
1717 2560 1966 2638 possint.

173 2647 250 2718 12'
402 2642 469 2701 ln
515 2641 625 2701 hac
667 2651 861 2704 tamen
915 2645 1106 2705 omnis
1149 2644 1389 2706 humani
1433 2647 1619 2707 cultus
1662 2646 1977 2718 solitudine
2024 2645 2339 2706 destitutus

275 2725 582 2799 exercituS,
619 2729 899 2807 quidquid
925 2730 1213 2792 malorum
1240 2731 1473 2792 tolerari
1501 2740 1715 2810 potest,
1759 2731 2014 2810 pertulit,
2056 2729 2341 2810 inopiam,

172 2826 251 2888 13
273 2809 472 2890 friguS,
491 2806 910 2890 lassitudinem,
930 2816 1418 2897 desperationem.
1463 2816 1679 2880 Multos
1702 2817 2049 2879 exanimavit
2070 2815 2345 2895 tigeriu-

272 2896 475 2980 solitus
504 2897 667 2970 niviS,
707 2901 1021 2963 multorum
1049 2902 1275 2963 adussit
1305 2903 1506 2981 pedes,
1542 2903 1925 2982 plurimorum
1955 2903 2141 2966 oculis
2169 2919 2341 2981 prae-

271 2981 440 3060 cipue
480 2985 812 3062 pernicialis
849 2987 972 3048 fuit.
1036 2988 1283 3066 Fatigati
1322 2988 1538 3068 quippe
1572 2989 1634 3052 in
1670 2989 1799 3068 ipso
1842 2989 1972 3067 gelu
2014 2987 2339 3048 deficientia
2416 3032 2417 3041 ,

271 3085 518 3150 corpora
535 3073 902 3133 sternebant:
927 3093 1075 3152 quae
1101 3093 1281 3153 quum
1304 3074 1526 3136 moveri
1550 3075 1864 3147 desissent,
1892 3074 1981 3136 vis
2001 3074 2240 3152 frigoris
2264 3072 2341 3132 ita

172 3163 251 3225 14
270 3154 645 3232 astringebat,
693 3165 755 3217 ut
781 3177 985 3218 rursus
1023 3160 1097 3218 ad
1139 3160 1499 3237 surgendum
1542 3161 1757 3224 conniti
1796 3179 1917 3220 non
1956 3168 2231 3237 possent.
2290 3157 2341 3217 A
2415 3180 2417 3203 1

272 3239 762 3302 commilitonibus
797 3252 1100 3322 torpentes
1139 3240 1553 3318 excitabantur,
1596 3264 1785 3325 neque
1822 3246 1979 3306 aliud
2008 3245 2343 3306 remedium

271 3337 412 3392 erat.
435 3345 606 3406 quam
627 3336 690 3388 ut
710 3328 937 3406 ingredi
958 3335 1323 3408 cogerentur.
1358 3331 1505 3393 Tum
1529 3332 1761 3395 demum
1785 3330 1938 3393 vitali
1957 3331 2153 3392 calore
2174 3337 2337 3390 moto

172 3416 250 3482 15
270 3412 548 3474 membris
574 3413 780 3494 aliquis
804 3415 1035 3476 redibat
1058 3416 1241 3494 vigor.
1288 3416 1347 3476 Si
1376 3420 1469 3495 qui
1507 3418 1735 3496 tuguria
1760 3417 2144 3478 barbarorum
2174 3415 2341 3477 adire

269 3509 604 3576 potuerunt,
635 3502 899 3563 celeriter
919 3502 1122 3562 refecti
1147 3511 1302 3564 sunt.
1366 3503 1481 3564 Sed
1508 3512 1665 3564 tanta
1692 3503 1875 3580 caligo
1906 3511 2049 3573 erat,
2074 3509 2141 3564 ut
2168 3501 2341 3564 aedi·-

225 3585 250 3602 ““
271 3583 397 3644 ficia
429 3589 584 3650 nulla
615 3589 724 3650 alia
760 3607 854 3650 res
879 3607 1050 3670 quam
1091 3588 1285 3650 sumus
1318 3589 1675 3650 ostenderet.
1738 3588 1824 3651 llli
1856 3605 2161 3668 nunquam
2196 3593 2341 3650 ante
