2417 3900
573 109 716 170 un.
764 110 854 170 tv.
899 109 1030 190 (Π.)
1079 111 1239 172 cir.
1280 110 1355 172 ιι.
1403 109 1647 174 1-18,
2064 107 2149 170 31

119 223 394 286 niensium
433 226 606 304 legati
645 228 718 290 ad
755 229 1172 290 celebrandum
1210 247 1441 312 sacrum
1483 223 1946 292 anniversarium
1984 247 2155 292 more

109 309 290 389 patrio
331 319 470 372 tunc
504 323 818 376 venerant:
865 315 1086 393 quippe
1121 315 1526 392 Carthaginem
1552 315 1709 396 Tyrii
1745 315 2154 390 condiderunt,

105 413 336 477 semper
376 406 688 475 parentum
726 401 858 460 loco
901 400 1060 460 culti.
1121 401 1379 460 Hortari
1417 419 1555 482 ergo
1588 401 1772 464 Poeni
1818 407 2157 481 coeperunt,
2180 395 2256 460 11

102 490 164 543 ut
187 481 557 543 obsidionem
584 485 723 546 forti
756 486 953 546 animo
977 492 1349 566 paterentur3
1382 487 1544 550 brevi
1570 480 1928 566 Carthagine
1949 487 2159 548 auxilia

97 577 360 630 ventura.
449 569 717 649 Namque
745 589 816 631 ea
843 579 1188 651 tempestate
1211 589 1426 650 magna
1452 585 1713 655 exparte
1737 571 1977 635 Punicis
2010 574 2161 633 clas-

97 653 264 714 sibus
290 653 473 714 maria
499 655 940 718 obsidebantur.
1982 717 1989 722 .
2086 691 2091 695 ·

229 738 414 816 Igitur
451 740 605 803 bello
641 743 875 810 decreto
910 762 1018 822 per
1047 761 1253 804 muros
1288 751 1603 823 turresque
1635 750 1928 804 tormenta
1955 743 2159 822 dispo·
2184 746 2265 808 12

95 832 280 897 nunt,
325 841 486 886 arma
520 827 845 890 iunioribus
881 828 1174 907 dividunt,
1220 829 1491 909 opificeS‚
1534 846 1783 908 quorum
1821 828 1987 909 copia
2014 830 2159 890 urbs

93 909 452 986 abundabat,
480 912 540 973 in
569 915 831 976 officinas
855 915 1233 976 distribuunt.
1298 915 1508 976 Omnia
1536 914 1669 975 belli
1696 925 1981 995 apparatu
2006 923 2161 976 stre-

91 1002 278 1075 punt:
313 997 536 1058 ferreae
561 1019 801 1080 quoque
818 1018 1028 1063 manus
1062 1000 1466 1081 (harpagonas
1494 999 1753 1080 vocant),
1790 1019 1937 1079 quas
1960 1001 2161 1079 operi-
2258 1003 2265 1009 ’

86 1083 209 1144 bus
233 1082 496 1162 hostium,
513 1084 836 1159 iniicerent,
874 1087 1152 1166 corvique
1177 1096 1237 1149 et
1258 1088 1365 1148 alia
1390 1086 1624 1148 tuendis
1649 1087 1897 1147 urbibus
1924 1083 2165 1163 excogi-

89 1175 214 1229 tata
229 1171 753 1249 praeparabantur.
799 1172 920 1232 Sed
947 1191 1127 1252 quum
1146 1173 1483 1234 fornacibus
1506 1173 1746 1244 ferrum,
1772 1171 1931 1251 quod
1955 1169 2166 1231 excudi
2187 1175 2268 1239 13

88 1254 438 1333 oportebat,
473 1255 818 1336 impositum
847 1268 1004 1319 esset
1025 1259 1397 1336 admotisque
1424 1257 1659 1318 follibus
1682 1256 1880 1333 ignem
1903 1256 2047 1316 flatu
2068 1273 2163 1316 ac-

88 1340 450 1413 cenderent,
496 1341 800 1418 sanguinis
838 1342 944 1401 rivi
975 1343 1085 1402 sub
1121 1343 1268 1420 ipsis
1296 1341 1547 1402 flammis
1584 1340 1843 1401 extitisse
1868 1340 2165 1402 dicuntur:

80 1425 276 1504 idque
302 1443 480 1485 omen
502 1418 581 1486 ‘in
603 1425 995 1486 Macedonum
1015 1433 1236 1489 metum
1255 1434 1557 1486 verterunt
1579 1425 1755 1501 Tyrii.
1842 1427 2013 1505 Apud
2040 1426 2165 1487 Ma·
2190 1431 2274 1494 14

82 1511 364 1572 cedonas
393 1527 634 1588 quoque
655 1529 836 1590 quum
857 1511 1008 1572 forte
1035 1529 1251 1590 panem
1280 1506 1517 1590 quidam
1538 1509 1781 1572 militum
1810 1512 2167 1590 frangerent,

79 1593 401 1656 manantis
429 1595 734 1674 sanguinis
759 1604 958 1675 guttas
984 1604 1370 1671 notaverunt3
1398 1595 1719 1674 territoque
1745 1615 1883 1676 rege
1904 1597 2169 1659 Aristan-

80 1683 245 1752 der,
290 1678 682 1760 peritissimus
708 1689 935 1756 vatum,
979 1683 1028 1744 si
1055 1682 1417 1748 extrinsecus
1446 1701 1621 1743 cruor
1644 1683 2167 1759 fluxisset,-Mace—

49 1765 365 1856 ,donibus
390 1764 450 1826 id
475 1767 640 1830 triste
672 1769 932 1832 futurum
967 1767 1074 1831 ait:
1116 1779 1351 1840 contra,
1394 1787 1571 1848 quum
1597 1769 1671 1831 ab
1696 1769 1978 1832 interiore
2000 1778 2167 1850 parte

70 1851 458 1926 manaverit,
494 1853 658 1922 urbi,
704 1872 877 1934 quam
905 1854 1178 1917 obsidere
1205 1855 1616 1926 destinassent,
1660 1856 1894 1920 exitium
1921 1864 2176 1936 portem,

74 1939 264 2001 dere.
352 1937 680 2003 Alexander
721 1959 901 2021 quum
944 1950 1002 2004 et
1038 1942 1287 2003 classem
1326 1941 1534 2021 procul
1564 1941 1809 2005 haberet
1835 1951 1893 2004 ct
1924 1944 2167 2021 longam
2189 1954 2274 2015 15

70 2022 477 2093 obsidionem
517 2044 730 2106 magno
774 2026 887 2089 sibi
929 2027 1002 2088 ad
1051 2036 1240 2089 cetera
1282 2024 1701 2107 impedimento
1746 2028 1975 2089 videret
2020 2029 2167 2098 rore,

71 2110 544 2185 caduceatores,
573 2112 671 2190 qui
692 2113 765 2173 ad
790 2132 996 2192 pacem
1023 2132 1126 2174 eos
1150 2113 1591 2191 compellerent,
1618 2112 1775 2173 misit
1790 2132 1819 2171 :-
1836 2131 1990 2191 quos
2014 2111 2172 2190 Tyrii

73 2204 310 2260 contra
338 2196 432 2257 ius
470 2197 730 2276 gentium
766 2198 997 2259 occisos
1033 2197 1563 2277 praecipitaverunt
1596 2197 1660 2257 in
1692 2197 1894 2272 altum,
1922 2258 1940 2269 ‚
1984 2198 2173 2273 Atque

66 2285 190 2345 ille
249 2300 495 2343 suorum
547 2291 666 2343 tam
715 2282 956 2361 indigna
1005 2293 1202 2343 morte
1254 2290 1583 2343 commotus
1632 2280 1841 2341 urbem
1893 2279 2173 2365 ob‘sidere

71 2374 360 2515 statiggh
387 2459 524 2513 ante
547 2450 814 2523 iacienda
838 2451 1024 2513 moles
1051 2457 1204 2524 erat,
1252 2466 1401 2528 quae
1429 2448 1751 2511 continenti
1776 2437 1983 2512 urb'em
2010 2470 2172 2514 com·
2195 2458 2275 2522 16

71 2541 402 2603 mitteret.-
497 2536 714 2616 lugens
766 2556 906 2617 ergo
957 2536 1184 2598 animos
1232 2534 1475 2597 militum
1522 2536 1859 2616 desperatio
1906 2536 2171 2615 incessit,

73 2622 480 2689 cernentium
519 2624 879 2705 profundum
907 2641 1098 2697 mare,
1143 2621 1303 2702 quod
1334 2621 1427 2683 vix
1462 2622 1657 2685 divina
1684 2642 1801 2704 ope
1829 2632 2039 2705 posset
2058 2624 2173 2687 im-

71 2711 291 2793 pleri:
336 2726 484 2789 quae
523 2727 662 2771 saxa
697 2717 816 2771 tam
849 2717 1037 2782 vasta,
1083 2727 1229 2787 quas
1266 2717 1383 2769 tam
1414 2727 1697 2789 proceras
1725 2711 1969 2773 arbores
1990 2728 2175 2791 posse

71 2791 408 2879 reperiri?
448 2794 876 2867 exhauriendas
901 2814 1034 2857 esse
1059 2794 1353 2874 regioneS,
1390 2803 1454 2857 ut
1474 2796 1615 2859 illud
1640 2796 1894 2876 spatium
1922 2814 2173 2876 exagge-

74 2890 377 2956 raretur,
423 2889 480 2944 et
503 2890 768 2944 aestuare
817 2900 1056 2962 semper
1095 2882 1340 2955 fretum,
1385 2899 1621 2962 quoque
1664 2883 1845 2945 artius
1876 2884 2174 2946 volutetur

67 2972 274 3034 inter
297 2967 553 3029 insulam
581 2976 639 3029 et
662 2968 1076 3043 continentem,
1111 2969 1226 3051 hoc
1247 2966 1437 3028 acrius
1461 2967 1677 3030 furere.
1765 2971 1839 3031 At
1858 2969 1957 3030 ille
1973 2970 2174 3031 haud·
2197 2966 2279 3031 17

71 3072 409 3137 quaquam
473 3053 638 3116 rudis
700 3052 1097 3135 pertractandi
1151 3053 1430 3116 militares
1477 3053 1703 3115 animos
1750 3054 2009 3135 speciem
2062 3054 2177 3116 sibi
2236 3104 2241 3109 .

67 3139 384 3204 Herculis
427 3140 488 3202 in
537 3158 745 3202 somno
787 3140 1040 3201 oblatam
1083 3158 1219 3200 esse
1252 3140 1629 3218 pronunciat,
1683 3141 1947 3203 dextram
1983 3140 2177 3220 porri-

65 3226 342 3310 gentis:
370 3226 467 3286 illo
494 3224 659 3300 duce,
682 3226 778 3287 illo
803 3227 1102 3305 aperiente
1122 3224 1184 3286 in
1208 3226 1413 3286 urbem
1440 3226 1657 3286 intrare
1677 3245 1743 3287 se
1767 3226 1975 3289 visum.
2018 3226 2179 3284 Inter

63 3319 269 3379 haec
292 3312 710 3372 caduceatores
745 3312 1116 3385 interfectos,
1157 3311 1415 3389 gentium
1438 3310 1575 3372 ›iura
1611 3309 1821 3373 violata
1857 3308 2177 3371 referebat:

59 3416 303 3465 unam
354 3416 489 3457 esse
531 3396 768 3467 urbem,
819 3416 966 3474 quae
1009 3415 1244 3457 cursum
1285 3395 1518 3465 victoris
1559 3399 1779 3457 morari
1820 3411 1959 3455 ausa
1998 3398 2177 3450 esset.

63 3482 385 3551 Ducibus
414 3482 628 3543 deinde
663 3482 964 3557 negotium
1001 3483 1198 3553 datur,
1238 3486 1299 3541 ut
1324 3493 1465 3542 suos
1499 3482 1743 3560 quisque
1770 3476 2041 3547 castiget:
2079 3489 2177 3529 sa-
2200 3472 2280 3534 18

57 3575 322 3647 tisque
347 3567 629 3629 omnibus·
649 3565 956 3628 stimulatis
981 3586 1128 3645 opus
1157 3584 1331 3626 orsus
1366 3574 1471 3625 est.
1560 3565 1771 3639 Magna
1795 3558 1879 3617 vis
1902 3570 2181 3613 saxorum
