2417 3900
515 93 654 175 Lis.
689 114 808 173 vu.
856 112 978 192 (v.)
1041 114 1201 176 car.
1242 114 1315 177 11.
1364 113 1591 175 1--17
1975 110 2141 181 123.

59 248 292 309 quoque,
319 236 438 291 n'on
461 232 804 293 concionem
824 231 1024 303 modo,
1047 232 1156 290 sed
1179 249 1331 291 unus
1354 214 1477 297 <irat
1498 231 1878 313 implacabilis
1900 228 2097 306 frater,

57 316 143 393 qui
161 316 401 377 terribili
424 319 588 378 vultu
613 317 852 377 intuens
877 333 1030 387 eum,
1055 315 1227 388 Tum,
1258 316 1352 389 ait,
1380 318 1638 393 demens,
1664 318 1965 379 lacrimare
1993 316 2101 377 de*

50 400 262 476 bosram,
290 420 469 479 quum
494 420 648 481 equo
671 399 916 460 calcaria
939 399 1244 473 subderes,
1264 401 1505 463 fratrum
1528 405 1797 465 desertor
1816 409 1876 463 et
1899 401 2103 463 deser-

51 494 226 547 torum
257 504 478 547 comes.
539 486 737 558 Miser,
777 504 892 563 quo
921 492 978 545 et
1007 486 1168 547 unde
1186 484 1507 565 fugiebas?
1548 488 1821 562 Effecisti,
1864 494 1931 549 ut
1960 502 2101 547 reus

49 571 238 649 capitis
265 570 624 633 accusatoris
665 580 862 631 uterer
883 570 1098 633 verbiS.
1165 570 1273 632 llle
1294 590 1575 650 peccasse
1608 592 1693 649 se,
1736 574 1843 635 sed
1868 569 2101 651 gravius
2119 569 2159 631 7

41 655 94 715 in
116 658 329 717 fratres
358 674 534 734 quam
553 656 612 717 in
637 664 823 717 semet
842 655 1051 735 ipsum,
1085 656 1399 719 fatebatur.
1455 658 1604 718 Tum
1636 678 1773 719 vero
1799 675 1995 737 neque
2016 656 2104 717 la·-

43 742 231 801 crimis
255 759 453 819 neque
475 741 1004 815 acclamationibus,
1029 741 1243 821 quibus
1268 742 1463 803 studia
1492 761 1601 803 sua
1624 742 1933 805 multitudo
1959 759 2103 821 pro·

33 826 250 899 fitetur,
295 834 779 905 temperaverunt.
845 827 974 889 Una
1001 845 1114 887 vox
1139 835 1262 888 erat
1284 828 1413 907 pari
1440 829 1653 889 emissa
1680 847 1995 902 consensu,
2036 834 2103 889 ut

29 909 364 973 insontibus
389 920 445 974 et
470 912 712 973 fortibus
736 912 874 973 viris
898 922 1186 991 parceret.
1228 912 1413 975 Amici
1447 932 1681 993 quoque
1706 915 1837 975 data
1867 910 2097 976 miseri-

31 995 264 1057 cordiae
283 996 588 1059 occasione
605 1008 968 1076 consurgunt
985 999 1313 1076 flentesque
1334 1018 1535 1078 regem
1552 1001 1959 1079 deprecantur.
1993 998 2097 1059 llle
2114 1000 2159 1062 8

33 1080 256 1142 silentio
280 1082 453 1156 sacto,
479 1083 552 1145 Et
569 1083 716 1163 ipse,
745 1084 954 1161 inquit,
977 1083 1283 1163 Amyntam
1304 1089 1435 1145 mea
1458 1085 1744 1147 sententia
1768 1088 2100 1161 fratresque
2160 1090 2169 1099 '

35 1165 152 1227 cius
177 1167 438 1231 absolvo.
504 1170 624 1229 Vos
649 1176 864 1239 autem,
903 1168 1160 1240 iuveneS‚
1205 1170 1357 1229 malo
1386 1169 1657 1231 beneficii
1686 1170 1799 1229 mei
1834 1165 2103 1230 oblivisci

35 1268 200 1328 quam
225 1253 472 1331 periculi
503 1253 680 1317 vestri
705 1250 1066 1313 meminisse.
1129 1252 1347 1312 Eadem
1384 1254 1503 1313 fide
1536 1253 1721 1313 redite
1755 1253 1815 1313 in
1854 1250 2106 1328 gratiam

31 1353 274 1410 mecum,
319 1356 437 1415 qua
471 1336 600 1417 ipse
629 1337 935 1397 vobiscum
955 1344 1238 1396 revertor.
1308 1336 1451 1410 Nisi,
1496 1355 1645 1415 quae
1672 1337 1861 1397 delata
1884 1342 2099 1408 essent,
2120 1332 2157 1394 9

32 1421 448 1494 excussissem,
491 1421 660 1483 valde
701 1418 1087 1491 dissimulatio
1127 1437 1265 1479 mea
1303 1432 1577 1499 suspecta
1621 1438 1752 1479 esse
1793 1420 2101 1500 potuisset.

31 1505 144 1567 Sed
163 1507 352 1572 satius
371 1513 463 1567 est
479 1514 758 1585 purgatos
779 1522 911 1565 esse
936 1521 1108 1581 quam
1129 1515 1462 1582 suspectos.
1507 1505 1783 1583 Cogitate,
1808 1504 2103 1567 neminem
2169 1522 2178 1531 ·

26 1590 252 1653 absolvi
283 1608 486 1669 posse,
529 1590 641 1651 nisi
671 1590 773 1669 qui
809 1588 1017 1651 dixerit
1049 1607 1337 1652 caussam.
1407 1591 1513 1665 Tu,
1555 1593 1819 1669 Amynta,
1861 1590 2103 1668 ignosce
2126 1584 2203 1646 10

25 1676 190 1737 fratri
211 1684 339 1737 tuo.
383 1674 509 1737 Erit
537 1676 653 1737 hoc
687 1672 1030 1754 simpliciter
1057 1675 1231 1737 etiam
1262 1675 1405 1737 mihi
1428 1675 1782 1741 reconciliati
1815 1674 1993 1737 animi
2018 1673 2102 1735 tui
2168 1696 2177 1705 ·

25 1774 272 1841 pignus.

155 1842 462 1907 Concione
487 1844 698 1905 deinde
725 1843 968 1905 dimissa
992 1841 1409 1924 Polydamanta
1432 1844 1626 1907 vocari
1662 1845 1843 1907 iubet.
1896 1844 2100 1921 Longe
2122 1848 2198 1911 11

25 1929 466 2010 acceptissimus
491 1929 862 1994 Parmenioni
881 1940 1020 2004 erat,
1046 1931 1349 2008 proximus
1368 1929 1531 1994 lateri
1554 1931 1759 2014 in—acie
1780 1940 1937 1994 stare
1958 1929 2100 1996 soli.-

25 2025 134 2077 tuS.
181 2017 258 2078 Et
282 2034 633 2096 quamquam
661 2015 1020 2080 conscientia
1046 2019 1229 2078 fretus
1252 2019 1313 2078 in
1340 2018 1559 2095 regiam
1585 2028 1845 2090 venerat,
1882 2029 2099 2088 tamen,
2125 2018 2201 2080 12

25 2109 84 2162 ut
116 2102 323 2164 iussus
359 2110 452 2162 est
493 2103 702 2162 fratres
735 2119 874 2162 suos
915 2100 1213 2174 exhibere,
1256 2103 1569 2162 admodum
1610 2101 1847 2162 iuvenes
1887 2109 1947 2160 et
1964 2100 2103 2176 ,regi

25 2182 262 2264 ignotos
289 2187 366 2246 ob
397 2193 646 2247 aetatem
661 2185 872 2246 fiducia
894 2185 956 2246 in
978 2186 1426 2246 sollicitudinem
1448 2187 1621 2246 versa
1642 2184 1939 2261 trepidare
1962 2199 2103 2243 coe-

29 2271 124 2348 pit,
164 2269 413 2349 saepius
441 2287 590 2348 quae
619 2287 832 2330 nocere
859 2277 1119 2347 possent,
1167 2287 1340 2346 quam
1368 2269 1577 2346 quibus
1606 2267 1883 2341 eluderet,
1922 2284 2105 2344 repu-

26 2363 172 2420 tanS.
248 2355 372 2419 Iam
409 2353 698 2431 armigeri,
746 2353 957 2432 quibus
989 2352 1337 2432 imperatum
1366 2361 1509 2426 erat,
1546 2353 1950 2432 produxerunt
1978 2368 2102 2424 eos,
2127 2347 2205 2412 13

26 2459 201 2518 quum
254 2457 616 2518 exsanguem
659 2447 817 2500 metu
853 2437 1268 2516 Polydamanta
1311 2438 1552 2517 propius
1597 2436 1876 2498 accedere
1919 2435 2100 2510 iubet,

25 2526 464 2604 summotisque
491 2523 782 2597 omnibuS,
811 2523 1062 2598 Scelere,
1098 2523 1303 2604 inquit,
1330 2522 1735 2584 Parmenionis
1762 2540 1967 2585 omnes
1991 2541 2101 2603 pa-

25 2611 162 2673 riter
193 2611 446 2692 appetiti
487 2629 710 2683 sumuS,
752 2609 1003 2670 maxime
1028 2627 1138 2687 ego
1172 2627 1243 2670 ac
1269 2617 1349 2682 tu,
1394 2628 1540 2690 quos
1586 2607 1871 2670 amicitiae
1902 2607 2103 2687 specie

25 2697 247 2759 selellit.
293 2697 384 2780 Ad·
405 2713 580 2778 quem
605 2694 1081 2775 persequendum
1108 2694 1585 2774 puniendumque
1609 2692 1787 2774 (vide,
1816 2703 2097 2774 quantum
2122 2700 2200 2762 14

25 2783 156 2843 fidei
211 2791 350 2844 tuae
391 2782 654 2854 credam)
699 2789 756 2842 te
797 2779 1066 2842 ministro
1107 2780 1190 2842 uti
1226 2781 1420 2842 statui.
1492 2781 1767 2854 Obsides,
1808 2781 2100 2861 dumhoc

25 2868 290 2946 peragiS,
327 2875 498 2950 erunt
533 2868 741 2928 fratres
776 2867 878 2928 tui.
939 2865 1323 2928 Proficiscere
1362 2865 1423 2926 in
1452 2866 1703 2928 Mediam
1733 2873 1792 2926 et
1824 2867 1897 2926 ad
1922 2885 2098 2946 prae-
2119 2871 2197 2932 15

25 2953 214 3014 sectos
243 2971 410 3014 meos
445 2951 640 3014 literas
667 2952 916 3032 scriptas
935 2970 1127 3015 vmanu
1157 2969 1289 3012 mea
1323 2953 1538 3030 perfer.
1603 2951 1915 3015 Velocitate
1946 2973 2097 3036 opus

25 3047 130 3112 est,
179 3056 302 3118 qua
331 3038 682 3100 celeritatem
718 3039 903 3098 famae
929 3037 1262 3098 antecedas.
1328 3037 1522 3098 Noctu
1546 3038 1855 3116 pervenire
1878 3039 2016 3100 illuc
2038 3047 2097 3100 te
2178 3079 2185 3088 ·
2238 3107 2247 3116 ,

25 3124 180 3198 volo,
209 3132 457 3204 postero
475 3123 585 3194 die,
612 3142 761 3204 quae
783 3124 996 3203 scripta
1017 3111 1204 3197 eruht,
1235 3122 1494 3202 exsequi.
1538 3122 1625 3183 Ad
1650 3123 2095 3186 Parmenionem
2120 3121 2197 3182 16

25 3227 270 3289 quoque
305 3209 581 3290 epistol-as
619 3209 794 3281 fereS,
836 3227 1014 3272 unam
1055 3227 1090 3270 a
1123 3227 1239 3282 me,
1286 3208 1527 3270 alteram
1565 3209 1825 3270 Philotae
1860 3207 2097 3270 nomine

25 3295 333 3374 scriptam.
381 3293 623 3372 Signum
649 3293 804 3353 anuli
829 3294 952 3355 eius
977 3293 1040 3354 in
1063 3313 1195 3356 mea
1223 3303 1513 3376 potestate
1540 3304 1645 3356 est.
1692 3294 1753 3356 Si
1780 3303 1944 3372 pater
1969 3307 2099 3352 cre-

27 3379 124 3440 det
153 3399 188 3440 a
219 3379 339 3440 filio
363 3380 735 3460 impressum,
763 3397 939 3456 quum
968 3387 1024 3438 te
1047 3379 1277 3450 viderit,
1302 3381 1445 3440 nihil
1474 3387 1709 3440 metuet.

154 3465 509 3543 Polydamas
557 3470 719 3523 tanto
763 3461 1042 3524 liberatus
1085 3473 1249 3526 metu
1286 3463 1610 3542 impensius
1662 3461 1862 3528 etiam,
1885 3539 1897 3551 ·
1924 3473 2097 3534 quam
2121 3453 2201 3517 1⁷

27 3545 396 3628 exigebatur,
421 3547 706 3632 promittit
727 3551 988 3628 operam.
1035 3547 1521 3625 collaudatusque
1548 3556 1604 3607 et
1626 3543 1931 3624 promiss1s
1956 3560 2103 3606 one÷
