2417 3900
520 82 663 154 LIB.
706 81 805 141 lx.
852 78 1029 159 (vu.)
1078 80 1239 141 CAP.
1280 79 1431 141 vm.
1475 76 1727 140 2-26,
2059 78 2184 151 199

237 199 439 260 Diruta
460 200 641 279 igitur
666 217 803 260 arce
828 208 889 262 et
912 196 1187 259 omnibus
1219 198 1460 275 captivis
1486 196 1836 264 venundatis
1865 198 2066 261 Sambi
2087 215 2187 263 re-
2209 206 2292 269 13

109 283 198 361 gis
219 285 369 347 fines
394 286 697 364 ingressus
720 294 827 357 est,
864 282 1177 360 multisque
1214 282 1447 361 oppidis
1471 282 1533 342 in
1557 281 1734 343 fidem
1760 283 2016 362 acceptis
2040 286 2186 351 vali-

106 370 415 431 dissimam
451 370 641 450 gentis
674 370 881 431 urbem
909 368 1176 430 cuniculo
1203 367 1376 446 cepit.
1419 368 1694 429 Barbaris
1725 365 1912 431 simile
1939 372 2188 443 monstri
2210 377 2292 440 14

107 456 296 517 visum
330 464 439 529 est,
476 456 725 519 rudibus
756 453 1089 515 militarium
1130 472 1396 532 operum,
1445 453 1662 532 quippe
1699 453 1761 513 in
1788 454 1982 516 media
2006 456 2192 519 ferme

109 536 258 603 urbe
282 542 491 603 armati
514 560 547 601 e
570 551 725 601 terra
742 540 1086 612 existebant,
1114 540 1277 601 nullo
1297 538 1534 599 suffossi
1553 556 1766 617 specus
1782 549 1922 601 ante
1946 541 2190 620 vestigio

106 628 285 689 facto.
333 625 641 704 Octoginta
669 626 825 689 milia
850 624 1133 687 Indorum
1168 624 1234 685 in
1269 642 1339 684 ea
1362 624 1608 701 regione
1637 642 1823 699 caesa,
1867 625 2191 691 Clitarchus
2213 632 2293 693 15

108 722 200 773 est
228 721 452 785 auctor,
478 713 811 793 multosque
837 711 1095 791 captivos
1122 710 1234 772 sub
1263 728 1484 771 corona
1510 709 1760 772 venisse.
1803 710 2034 776 Rursus
2061 712 2194 777 Mu·
2213 717 2296 787 16

106 798 298 859 sicani
320 798 681 871 defecerunt,
722 798 795 858 ad
824 816 971 876 quos
998 796 1422 876 opprimendos
1455 795 1674 861 missus
1700 805 1790 857 est
1814 796 2048 868 Pithon,
2091 799 2192 879 qui

110 890 345 962 captum
383 883 710 963 principem
746 884 936 961 gentis
964 883 1340 962 eundemque
1374 881 1718 943 defectionis
1756 891 2054 948 auctorem
2083 886 2190 945 ad-

106 970 275 1031 duxit
298 969 373 1031 ad
408 988 630 1048 regem.
696 970 827 1043 Quo
863 969 1194 1031 Alexander
1216 968 1280 1029 in
1311 986 1546 1031 crucem
1581 968 1808 1031 sublato
1834 989 2039 1032 rursus
2063 988 2193 1034 am-

108 1073 267 1129 nem,
306 1055 369 1117 in
408 1074 523 1135 quo
570 1057 820 1119 classem
866 1064 1209 1133 exspectare
1251 1072 1318 1117 se
1361 1052 1628 1129 iusserat,
1669 1056 1898 1137 repetit.
1965 1056 2190 1130 Quarto
2216 1062 2299 1125 17

108 1140 325 1203 deinde
354 1142 449 1203 die
470 1143 733 1211 secundo
760 1160 933 1203 amne
962 1140 1232 1221 pervenit
1251 1140 1329 1201 ad
1351 1140 1652 1219 oppidum,
1681 1141 1840 1221 quod
1861 1141 1922 1201 in
1941 1160 2194 1219 regnum
2304 1214 2314 1219 ,

109 1235 239 1287 erat
264 1227 483 1289 Sambi.
528 1228 731 1307 Nuper
764 1245 832 1287 se
854 1227 953 1288 ille
980 1226 1308 1299 dediderat,
1343 1226 1453 1287 sed
1479 1225 1762 1306 oppidani
1785 1226 2196 1291 detrectabant
2235 1241 2246 1253 ‘

106 1312 423 1392 imperium
464 1320 521 1373 et
560 1313 890 1375 clauserant
930 1320 1161 1392 portas·
1228 1312 1493 1385 Quorum
1530 1311 1822 1390 paucitate
1857 1319 2194 1393 contempta
2215 1316 2298 1379 18

106 1416 217 1459 rex
252 1399 609 1478 quingentos
636 1398 921 1477 Agrianos
952 1397 1187 1460 moenia
1223 1396 1426 1459 subire
1464 1396 1636 1459 iussit
1671 1408 1729 1459 et
1765 1397 1982 1460 sensim
2025 1417 2199 1460 rece-

107 1484 319 1545 dentes
344 1485 555 1549 elicere
582 1494 743 1545 extra
768 1502 969 1545 muros
994 1484 1248 1557 hostem,
1286 1492 1670 1563 sequuturum
1696 1485 1988 1563 profecte,
2025 1484 2076 1547 si
2099 1485 2197 1549 fu-

108 1588 249 1646 gere
272 1588 376 1633 eos
402 1570 687 1631 crederet.
732 1568 989 1647 Agriani,
1014 1568 1163 1630 sicut
1186 1570 1537 1647 imperatum
1560 1577 1698 1643 erat,
1724 1567 1998 1631 lacessito
2021 1569 2196 1631 hoste
2213 1570 2296 1634 19

106 1654 307 1715 subito
332 1664 497 1732 terga
520 1662 773 1733 vertunt,
794 1674 947 1735 quos
970 1654 1206 1716 barbari
1230 1657 1412 1717 effuse
1437 1663 1756 1735 sequentes
1773 1654 1834 1717 in
1855 1652 2017 1730 ailoe,
2040 1654 2200 1720 inter

106 1758 263 1817 quos
298 1739 429 1818 ipse
449 1758 554 1804 rex
586 1748 729 1814 erat,
766 1740 1049 1803 incidunt.
1116 1741 1422 1803 Renovato
1463 1761 1602 1820 ergo
1641 1741 1868 1821 proelio
1903 1759 1976 1827 eit
2004 1741 2212 1814 tribus

37 1820 40 1881 ?
105 1824 1035 1895 milibusbarharorum‘sexcenti
1062 1827 1218 1889 caesi
1249 1834 1404 1901 sunt,
1439 1827 1597 1889 mille
1621 1826 1792 1909 capti,
1821 1828 2000 1891 ceteri
2023 1845 2196 1892 moe-

104 1910 289 1974 nibus
310 1911 471 1974 urbis
494 1911 721 1977 inclusi.

238 1997 363 2078 Sed
390 2017 513 2062 non
546 2009 611 2062 ut
642 1998 829 2079 prima
860 1998 1057 2078 specie
1090 1999 1241 2060 laeta
1274 1997 1544 2072 victoria,
1587 1999 1668 2060 ita
1707 2008 1921 2064 eventu
1955 2016 2190 2078 quoque
2208 2005 2295 2068 20

108 2083 241 2144 suit:
298 2083 519 2164 quippe
559 2084 795 2147 barbari
833 2101 1062 2146 veneno
1103 2085 1404 2146 tinxerant
1441 2084 1688 2161 gladios·
1763 2083 1965 2162 ltaque
2008 2083 2196 2147 saucii

106 2169 363 2230 subinde
387 2171 779 2250 exspirabant,
814 2187 926 2229 nee
956 2186 1167 2230 caussa
1192 2176 1313 2228 tam
1338 2177 1614 2230 strenuae
1645 2168 1850 2231 mortis
1877 2168 2193 2246 excogitari

108 2264 343 2331 poterat
368 2273 403 2316 a
434 2255 697 2328 mediciS,
736 2272 911 2332 quum
952 2253 1124 2314 etiam
1158 2253 1316 2314 leves
1341 2253 1548 2331 plagae
1583 2251 1944 2315 insanabiles
1969 2261 2192 2316 essent.
2384 2329 2385 2332 Ἴ

108 2339 353 2404 Barbari
380 2351 574 2406 autem
610 2347 1007 2420 speraverant,
1046 2337 1344 2400 incautum
1379 2348 1439 2398 et
1462 2336 1835 2400 temerarium
1861 2353 2065 2414 regem
2090 2341 2293 2406 eii-21

108 2425 218 2506 cipi
246 2445 451 2507 posse.
506 2427 581 2490 Et
604 2428 754 2488 forte
778 2425 931 2486 inter
963 2423 1438 2503 promptissimos
1465 2422 1750 2486 dimicans
1775 2422 2028 2484 intactus
2057 2440 2194 2492 eva-
2306 2499 2320 2503 -

110 2520 289 2574 serat.
336 2513 657 2592 Praecipue
680 2511 1071 2584 Ptolemaeum,
1104 2510 1274 2572 laevo
1297 2508 1544 2585 humero
1566 2508 1768 2572 leviter
1792 2508 2026 2589 quidem
2055 2527 2192 2578 sau-
2207 2512 2294 2576 22

110 2596 251 2672 cius,
288 2599 397 2660 sed
421 2599 649 2662 maiore
678 2597 937 2678 periculo
967 2613 1143 2674 quam
1165 2596 1404 2658 vulnere
1427 2597 1686 2672 affectuS,
1720 2596 1878 2674 regis
1905 2595 2190 2660 sollicitu-

110 2682 311 2746 dinem
335 2684 397 2747 in
423 2703 491 2752 se
515 2691 899 2751 converterat.
966 2681 1266 2760 Sanguine
1303 2682 1652 2746 coniunctus
1681 2690 1820 2756 erat,
1863 2690 1923 2746 et
1951 2682 2190 2762 quidam

110 2767 383 2850 Philippo
400 2769 659 2850 genitum
680 2785 817 2832 esse
834 2767 1173 2841 credebant,
1196 2778 1356 2828 certe
1375 2768 1581 2848 pellice
1599 2768 1726 2830 eius
1743 2779 1934 2833 ortum
1953 2779 2192 2838 consta-
2382 2803 2386 2842 7

112 2852 226 2918 bat.
294 2854 461 2918 Idem
494 2857 759 2938 corporis
796 2861 993 2918 custos
1024 2854 1619 2939 promptissimusque
1651 2854 1900 2918 bellator
1933 2863 1992 2918 et
2024 2857 2188 2936 pacis
2206 2859 2292 2923 23
2383 2853 2386 2896 ³

37 2991 40 2998 .
112 2942 338 3004 artibus
372 2961 547 3022 quam
580 2943 817 3009 militiae
858 2941 1047 3006 maior
1078 2951 1137 3005 et
1152 2940 1396 3021 clarior,
1435 2940 1668 3010 modico
1705 2940 1973 3022 civilique
2010 2944 2190 3016 cultu,
2382 2935 2386 2944 ’

112 3024 367 3092 liberalis
392 3029 454 3091 in
479 3029 686 3109 primis
706 3029 987 3108 adituque
1008 3026 1179 3102 facili,
1219 3027 1365 3088 nihil
1385 3045 1456 3088 ex
1479 3027 1634 3092 fastu
1657 3027 1822 3107 regio
1846 3045 2189 3106 assumpee—
2381 3039 2385 3044 “

114 3120 217 3174 rat.
266 3111 357 3174 Ob
380 3114 529 3178 baec
552 3116 678 3194 regi
700 3135 777 3178 an
802 3112 1189 3195 popularibus
1220 3113 1412 3177 carior
1433 3120 1610 3188 esset,
1643 3113 1898 3184 dubitari,
1922 3119 2186 3192 peterat:
2203 3115 2290 3176 24
2379 3117 2384 3178 ζ

118 3203 236 3260 tum
264 3207 423 3264 certe
454 3201 711 3280 primum
742 3209 1016 3280 expertus
1042 3219 1283 3265 suorum
1313 3200 1562 3274 animos,
1601 3199 1750 3262 adeo
1786 3209 1850 3265 ut
1874 3200 2188 3270 sommam,

115 3279 175 3344 in
197 3302 375 3364 quam
398 3293 604 3368 postea
624 3287 905 3360 ascendit,
928 3286 989 3350 in
1012 3285 1109 3348 illo
1126 3285 1390 3366 periculo
1417 3285 1768 3350 Macedones
1791 3280 2030 3348 amanti
2051 3291 2225 3351 esaei·
2377 3325 2386 3336 ν

116 3367 441 3436 videantur.
489 3372 721 3452 Quippe
752 3391 875 3436 non
896 3371 1080 3434 levior
1105 3371 1218 3433 illis
1240 3372 1560 3437 Ptolemaei
1585 3372 1695 3434 fult
1715 3386 1854 3440 cura
1889 3384 2064 3445 quam
2087 3386 2185 3432 re·
2202 3368 2288 3431 25
2383 3369 2386 3422 ἑ

116 3452 231 3528 gis:
268 3457 368 3537 qui
392 3467 453 3522 et
476 3457 703 3540 proelio
728 3466 787 3522 et
812 3457 1201 3520 sollicitudine
1227 3459 1499 3537 fatigatus
1523 3473 1704 3534 quum
1729 3453 2068 3514 Ptolemaeo
2088 3471 2188 3516 aa·
2373 3457 2386 3520 ,ζ

118 3537 355 3618 sideret,
380 3545 619 3618 lectum,
644 3544 705 3604 in
730 3561 847 3624 quo
868 3543 999 3623 ipse
1020 3542 1440 3620 acquiesceret,
1460 3538 1634 3609 iussit
1653 3537 1875 3602 inferri.
1917 3537 1990 3602 Ia
2007 3535 2290 3621 que-‚xe
2370 3533 2386 3622 l
