2417 3900
272 100 396 164 120
731 54 845 161 DE*
873 95 1134 159 csss'ns
1177 97 1604 160 ALEXANDRI
1645 95 1889 157 MAGNI

173 223 257 284 14
271 222 464 285 ruisse
494 220 662 297 fugae
692 212 976 279 caussam.
1011 218 1210 297 Nuper
1230 227 1461 297 praeter
1488 214 1971 278 consuetudinem
1998 212 2176 274 officii
2200 233 2331 294 spe-

275 307 364 370 cie
385 305 592 367 amotis
609 303 1070 382 longiusceteris
1089 303 1418 365 admovisse
1444 310 1633 363 semet
1656 301 1819 381 ipsos
1840 298 2011 362 lateri
2028 317 2159 373 suo,
2184 301 2333 361 nulla

275 388 559 473 probabili
589 407 814 463 caussa,
843 407 1022 468 seque
1045 390 1371 462 mirantem,
1398 389 1553 469 quod
1576 406 1695 448 non
1718 386 1843 447 vice
1870 404 1978 446 sua
2004 384 2103 446 tali
2129 385 2333 464 funge-

155 520 163 530 ·
269 485 475 539 rentur
499 474 713 549 officio,
738 473 942 552 etipsa
965 473 1355 554 trepidatione
1382 492 1583 535 eorum
1602 470 1973 552 perterritum
2000 480 2243 531 strenue
2267 472 2333 531 ad

169 559 252 623 15
267 560 610 639 armigeroS,
645 559 744 638 qui
771 560 1033 639 proxime
1059 560 1475 640 sequebantur,
1513 558 1850 619 recessisse.
1910 556 2001 617 Ad
2025 556 2143 617 hoc
2174 574 2333 615 acce·
2410 623 2412 641 Ι

269 648 428 719 dere,
453 645 631 725 quod,
659 663 838 723 quum
861 645 1243 723 AntiphaneS‚
1286 645 1475 705 scriba
1505 643 1781 722 equitum,
1804 643 2081 720 Amyntae
2108 642 2332 703 denua·
2410 643 2412 653 '

269 732 481 794 ciasset
513 729 702 809 pridie
737 748 911 809 quam
939 730 1202 791 Philotae
1238 731 1429 790 scelus
1465 729 1899 808 deprehensum
1938 735 2113 800 esset,
2164 735 2231 788 ut
2270 746 2331 787 ex

267 817 392 879 suis
419 816 582 896 equis
618 832 783 876 more
821 814 992 877 solito
1027 817 1193 876 daret
1214 815 1326 888 his,
1365 814 1463 894 qui
1497 814 1835 884 >amisissent
1872 830 2033 888 suos,
2077 813 2329 891 superbe

267 901 690 980 respondisset,
735 899 846 961 nisi
873 900 1106 979 incepto
1141 901 1465 973 desisteret,
1508 898 1668 960 brevi
1705 898 2003 970 sciturum,
2050 896 2185 976 quis
2214 898 2330 975 ipse

170 987 252 1050 16
271 994 446 1049 esset.
493 986 611 1045 lam
629 984 860 1061 linguae
880 986 1203 1048 violentiam
1226 985 1726 1063 temeritatemque
1745 983 2075 1053 verborum,
2104 1000 2257 1061 quae
2278 983 2330 1043 in

269 1082 458 1133 semet
481 1070 672 1150 ipsum
699 1070 1106 1145 iacularentur,
1146 1071 1288 1131 nihil
1320 1071 1474 1131 aliud
1503 1089 1648 1143 esse,
1688 1086 1861 1148 quam
1896 1068 2118 1128 scelesti
2154 1067 2331 1127 animi

267 1156 522 1219 indicem
544 1171 613 1215 ac
629 1164 854 1216 testem.
902 1158 1063 1229 Quae
1085 1155 1136 1216 si
1152 1175 1287 1216 vera
1306 1166 1523 1230 essent,
1548 1156 1702 1216 idem
1725 1154 2005 1214 meruisse
2026 1171 2145 1223 θος,
2170 1153 2335 1231 quod

172 1241 252 1303 17
271 1242 582 1314 Philotam,
605 1240 656 1303 si
677 1241 836 1314 falsa,
862 1242 1092 1320 exigere
1117 1241 1329 1319 ipsum,
1356 1250 1421 1303 ut
1442 1242 1726 1302 refellant.
1770 1240 2092 1299 Productus
2114 1237 2334 1297 deinde

271 1326 632 1405 Antiphanes
657 1325 730 1385 de
755 1327 916 1405 equis
939 1345 1061 1387 non
1085 1328 1311 1387 traditis
1336 1335 1393 1387 et
1417 1327 1657 1388 adiectis
1686 1326 1857 1385 etiam
1886 1324 2140 1403 superbe
2164 1322 2335 1383 minis

272 1412 510 1473 indicat.

168 1502 252 1566 18
391 1497 665 1576 Amyntas
692 1495 840 1555 facta
869 1494 1102 1555 dicendi
1127 1504 1432 1574 potestate,
1464 1496 1523 1557 Si
1551 1496 1710 1567 nihil,
1732 1492 1937 1572 inquit,
1973 1492 2225 1552 interest
2248 1506 2332 1549 re-

271 1581 378 1660 gie,
420 1591 576 1661 peto,
613 1588 694 1652 ut,
736 1580 874 1640 dum
915 1579 1065 1651 dico,
1103 1580 1347 1641 vinculis
1382 1582 1613 1641 liberer.
1684 1580 1808 1640 Rex
1844 1578 1989 1638 solvi
2028 1586 2331 1653 utrumque

267 1667 446 1738 iubet,
487 1665 958 1742 desiderantique
991 1668 1289 1744 Amyntae,
1338 1674 1401 1726 ut
1438 1666 1671 1726 habitus
1722 1682 1953 1742 quoque
1992 1662 2329 1723 redderetur

169 1755 252 1817 19
270 1751 561 1827 armigeri,
587 1749 852 1809 lanceam
877 1748 1000 1809 dari
1025 1749 1214 1810 iussit.
1255 1752 1442 1822 Quam
1466 1760 1531 1811 ut
1550 1752 1711 1811 laeva
1730 1746 2193 1828 comprehendit,
2222 1746 2325 1805 evi-

272 1842 393 1895 tato
423 1852 492 1895 eo
517 1834 670 1905 loco,
695 1832 758 1893 in
785 1842 904 1912 quo'
925 1834 1235 1893 Alexandri
1262 1853 1475 1913 corpus
1500 1836 1693 1914 paullo
1718 1842 1853 1895 ante
1876 1837 2156 1906 iacuerat,
2184 1832 2326 1903 Qua-

267 1919 599 1999 liscunque,
625 1916 830 1998 inquit,
859 1916 1044 1978 exitus
1069 1937 1179 1980 nos
1206 1929 1417 1992 manet,
1444 1938 1566 1995 rex,
1596 1921 1957 2003 confitemur,
1984 1933 2325 1998 prosperum

167 2006 254 2068 20
271 2004 377 2066 tibi
395 2004 716 2076 debituroS,
743 2002 1058 2064 tristiorem
1085 2006 1351 2066 fortunae
1368 2007 1773 2085 imputaturoS.
1820 2005 1959 2066 Sine
1978 2001 2327 2082 praeiudicio

273 2089 521 2150 dicimus
549 2107 831 2162 caussam,
857 2088 1058 2148 liberis
1085 2091 1429 2169 corporibus
1457 2093 1824 2170 animisque:
1841 2091 2118 2152 Habitum
2146 2090 2325 2158 etiam,

271 2175 334 2235 in
359 2183 553 2254 quote
581 2174 843 2235 comitari
872 2175 1147 2250 solemuS,
1174 2176 1499 2238 reddidisti.
1560 2178 1836 2238 Caussam
1861 2193 1980 2237 non
2001 2191 2325 2252 possumuS‚

168 2257 250 2320 21
269 2260 564 2321 fortunam
588 2261 796 2321 timere
823 2259 1177 2325 desinemuS.
1224 2261 1308 2320 Te
1346 2280 1584 2340 quaeso,
1627 2261 1925 2340 permittas
1951 2259 2099 2320 mihi
2134 2259 2194 2321 id
2220 2258 2327 2337 pri-

259 2349 432 2432 'mum
457 2345 792 2418 defendere,
825 2345 982 2423 quod
1001 2363 1035 2404 a
1054 2352 1109 2406 te
1133 2346 1399 2407 ultimum
1420 2347 1711 2408 obiectum
1736 2354 1846 2407 est.
1890 2345 2031 2418 NoS,
2058 2363 2185 2417 rex,
2212 2360 2328 2404 ser·

267 2431 466 2490 munis
503 2431 784 2491 adversus
825 2429 1184 2508 maiestatem
1222 2440 1377 2492 tuam
1411 2432 1589 2492 habiti
1631 2431 1841 2491 nullius
1878 2429 2099 2491 conscii
2136 2445 2331 2490 sumus

270 2515 465 2574 nobis·
508 2514 793 2586 Dicerem,
839 2513 1183 2592 iampridem
1214 2516 1425 2576 vicisse
1449 2526 1507 2577 te
1530 2515 1824 2589 invidiam,
1868 2515 1981 2576 nisi
2002 2514 2330 2592 periculum

271 2605 444 2670 esset,
489 2617 566 2658 ne
595 2599 706 2657 alia
733 2598 1040 2675 malignius
1064 2600 1215 2662 dicta
1241 2603 1511 2663 crederes
1543 2601 1753 2663 blanda
1780 2600 2045 2661 oratione
2074 2598 2329 2679 purgari.

169 2687 254 2748 22
275 2682 540 2744 Ceterum
582 2681 804 2743 etiamsi
841 2682 1035 2744 militis
1073 2685 1154 2746 tui
1189 2688 1280 2746 vel
1304 2687 1363 2747 in
1390 2687 1617 2765 agmine
1646 2686 1967 2747 deficientis
2006 2691 2063 2746 et
2098 2683 2332 2762 fatigati,

274 2767 363 2827 vel
382 2766 446 2826 in
466 2767 586 2828 acie
604 2766 996 2846 periclitantis,
1018 2772 1108 2831 vel
1123 2769 1185 2830 in
1201 2773 1578 2834 tabernaculo
1602 2771 1759 2849 aegri
1782 2781 1841 2833 et
1862 2772 2101 2832 vulnera
2128 2788 2333 2831 curan·

271 2851 368 2924 tis,
387 2852 576 2930 aliqua
595 2872 708 2914 vox
729 2853 991 2933 asperior
1010 2863 1165 2916 esset
1183 2867 1437 2936 accepta,
1460 2874 1861 2919 merueramus
1881 2855 2131 2917 fortibus
2150 2855 2330 2926 factis

169 2939 254 3002 23
273 2946 340 2999 ut
362 2938 562 2999 malles
593 2955 659 2998 ea
685 2941 935 3018 tempori
969 2949 1175 3001 nostro
1201 2941 1489 3021 imputare
1514 2959 1687 3021 quam
1710 2943 1926 3004 animo.
1972 2941 2171 3013 Quum
2200 2939 2329 3020 quid

269 3021 480 3085 accidit
504 3023 742 3098 tristius,
774 3037 982 3085 omnes
1005 3026 1092 3085 rei
1115 3035 1281 3087 sunt:
1325 3029 1667 3106 corporibus
1696 3026 1931 3100 nostris,
1960 3043 2111 3104 quae
2134 3027 2329 3104 utique

268 3126 393 3168 non
421 3108 669 3183 odimus,
690 3109 932 3171 infestas
956 3110 1335 3174 admovemus
1357 3131 1594 3175 manus:
1636 3121 1910 3192 parentes
1935 3111 2139 3172 liberis
2162 3112 2219 3171 si
2244 3129 2328 3171 oc-

271 3201 528 3268 currant,
555 3202 615 3255 et
632 3194 843 3273 ingrati
861 3204 920 3256 et
937 3194 1107 3255 invisi
1131 3200 1285 3257 sunt.
1332 3197 1544 3258 Contra
1564 3216 1739 3277 quum
1761 3198 1935 3258 donis
1952 3197 2326 3262 honoramur,

211 3353 218 3362 ,
273 3297 452 3357 quum
486 3281 760 3358 praemiis
795 3279 992 3340 onusti
1017 3281 1375 3355 revertimur,
1423 3283 1551 3360 quis
1588 3285 1742 3343 ferre
1782 3301 1891 3344 nos
1927 3281 2169 3361 potest?
2212 3279 2327 3360 quis

170 3366 256 3427 24
272 3362 428 3424 illam
451 3365 774 3426 animorum
795 3365 1145 3427 alacritatem
1165 3364 1507 3428 continere?
1551 3367 1909 3429 Militantium
1934 3385 2045 3428 nec
2060 3366 2329 3444 indigna·

273 3449 356 3509 tio
382 3467 495 3510 nec
511 3450 723 3509 laetitia
747 3449 1046 3510 moderata
1071 3459 1178 3512 est.
1222 3452 1309 3512 Ad
1332 3471 1539 3514 omnes
1558 3455 1797 3514 affectus
1814 3454 2038 3532 impetu
2054 3453 2335 3531 rapimur.

273 3533 702 3614 Vituperamus,
727 3534 1052 3610 laudamus,
1078 3536 1443 3611 miseremur,
1479 3538 1802 3613 irascimur,
1840 3546 2138 3616 utcunque
2166 3553 2339 3618 prae-
