2417 3900
536 153 680 215 LIB.
722 153 823 213 IX.
869 152 1051 231 (vu.)
1097 152 1256 213 CAP.
1301 152 1346 213 1.
1394 150 1682 213 16-36.
1998 152 2168 216 ·183

106 275 463 352 purpuraque
499 270 803 341 distincta,
848 286 997 347 quae
1039 268 1211 329 etiam
1251 288 1418 329 crura
1459 270 1720 343 velabat;
1758 270 1951 331 aureis
1986 273 2167 335 soleis

104 355 412 418 inseruerat
438 362 733 433 gemmas3
775 353 977 415 lacerti
1003 372 1237 439 quoque
1265 363 1324 415 et
1346 355 1583 416 brachia
1608 355 1936 435 margaritis
1963 367 2168 421 ornata

101 451 271 504 erant.
339 442 688 503 Pendebant
718 456 789 499 ex
825 438 1067 501 auribus
1101 438 1368 517 insignes
1393 441 1646 503 candore
1679 450 1736 501 et
1763 441 2168 520 magnitudine
2185 450 2271 513 30

94 526 281 605 lapilli.
326 528 610 587 Baculum
635 542 877 586 aureum
904 524 1109 605 berylli
1138 524 1604 603 distinguebant:
1650 546 1765 605 quo
1793 527 2006 588 tradito
2032 546 2172 608 pre-

94 622 269 684 catuS‚
300 621 365 674 ut
385 630 597 692 sospes
619 610 928 690 acciperet,
954 627 1017 671 se
1041 610 1379 689 liberosque
1404 619 1463 671 et
1487 622 1718 689 gentem
1741 631 1906 673 suam
1925 612 2171 674 dedidit.

214 697 459 759 Nobiles
484 698 558 757 ad
581 696 915 759 venandum
940 714 1115 758 canes
1138 697 1201 757 in
1231 714 1298 757 ea
1320 696 1565 775 regione
1593 708 1758 758 sunt:
1794 698 2004 759 latratu
2030 698 2172 760 abs·
2187 704 2273 767 31

86 783 279 844 tinere
308 784 595 857 dicuntur,
635 800 813 863 quum
837 782 1111 843 viderunt
1132 784 1341 856 seram,
1369 782 1642 843 leonibus
1676 783 1924 845 maxime
1949 783 2170 845 infesti.

83 868 313 930 Horum
342 870 455 929 vim
483 876 546 929 ut
574 868 911 929 ostenderet
942 868 1292 942 Alexandro,
1339 867 1401 928 in
1431 878 1751 950 conspectu
1782 870 2012 931 leonem
2047 870 2171 931 exi·-
2188 872 2276 936 32

83 955 241 1015 miae
280 953 693 1033 magnitudinis
732 953 901 1015 iussit
941 953 1123 1015 emitti
1150 964 1228 1029 ‚et
1267 963 1541 1035 quattuor
1583 955 1821 1016 omnino
1870 955 2172 1017 admoveri
2270 974 2276 983 ·

81 1059 283 1113 canes,
309 1040 406 1119 qui
430 1040 696 1103 celeriter
718 1041 905 1101 feram
927 1046 1384 1119 occupaverunt.
1430 1041 1578 1102 Tum
1603 1061 1673 1101 ex
1694 1042 1806 1114 his,
1837 1041 1937 1119 qui
1959 1060 2170 1103 assue-

80 1135 291 1188 verant
315 1126 529 1187 talibus
552 1125 914 1198 ministeriiS,
943 1143 1098 1186 unus
1126 1126 1288 1186 canis
1314 1126 1470 1186 leoni
1497 1145 1631 1186 cum
1656 1126 1782 1185 aliis
1806 1125 2171 1185 inhaerentis
2237 1126 2248 1143 ‘

78 1230 220 1272 crus
260 1212 508 1273 avellere
546 1221 624 1284 et,
669 1210 803 1290 quia
838 1229 961 1270 non
1000 1211 1375 1287 sequebatur,
1420 1212 1574 1269 ferro
1610 1218 1911 1287 amputare
1948 1210 2171 1287 coepit:

76 1316 196 1358 nec
224 1298 310 1359 sic
330 1297 569 1375 quidem
596 1293 917 1374 pertinacia
952 1294 1103 1354 victa
1138 1312 1344 1354 rursus
1381 1295 1552 1353 aliam
1583 1303 1811 1373 partem
1850 1312 2050 1353 secare
2078 1295 2171 1354 in·
2191 1296 2275 1359 33

76 1383 249 1455 stitit,
298 1391 359 1442 et
385 1382 527 1443 inde
562 1398 685 1441 non
716 1378 953 1456 segnius
978 1378 1386 1438 inhaerentem
1412 1380 1566 1438 ferro
1599 1378 1848 1439 subinde
1875 1379 2172 1441 caedebat.

70 1469 183 1529 lIIe
209 1469 273 1531 in
311 1467 556 1528 vulnere
593 1465 752 1525 ferae
780 1464 985 1523 dentes
1012 1462 1399 1523 moribundus
1426 1463 1996 1543 quoque-infixerat:
2042 1472 2174 1525 tan-

70 1565 200 1615 tam
238 1554 303 1614 in
337 1553 452 1613 illis
489 1548 835 1611 animalibus
878 1548 955 1633 ad
996 1548 1326 1609 venandum
1377 1547 1749 1627 cupiditatem
1790 1548 2210 1627 ingenerasse-

70 1650 357 1700 naturam
401 1633 721 1699 memoriae
757 1633 1056 1715 proditum
1103 1644 1211 1696 est.
1298 1633 1586 1712 Equidem
1629 1634 1795 1713 plura
1838 1634 2170 1697 transcribo
2192 1632 2277 1695 34

72 1742 263 1804 quam
289 1722 486 1794 credo,
524 1738 659 1781 nam
685 1739 795 1782 nec
820 1720 1113 1781 affirmare
1136 1719 1417 1795 sustineo,
1461 1722 1532 1781 de
1559 1720 1771 1799 quibus
1799 1720 2023 1795 dubito,
2063 1738 2176 1781 nec

64 1809 441 1879 subducere,
487 1824 635 1885 quae
658 1806 873 1886 accepi.
934 1806 1157 1869 Relicto
1182 1806 1361 1885 igitur
1388 1806 1635 1886 Sophite
1659 1807 1720 1868 in
1748 1825 1856 1867 suo
1883 1824 2066 1887 regno
2097 1807 2172 1868 ad
2193 1806 2276 1867 35

66 1894 328 1956 fluvium
359 1892 660 1974 Hyphasin
684 1884 990 1972 processit,
1028 1892 1482 1973 Hephaestione,
1525 1893 1622 1974 qui
1650 1893 1937 1956 diversam
1976 1893 2171 1974 regio-

68 1999 223 2042 nem
253 1981 587 2058 subegerat,
628 1980 962 2041 coniuncto.
1029 1979 1298 2058 Phegeus
1335 1989 1462 2041 erat
1489 1980 1683 2057 gentis
1709 1981 2015 2060 proximae
2049 1998 2172 2050 rex,
2191 1975 2276 2036 36

68 2067 184 2145 qui
211 2064 595 2144 popularibus
621 2065 743 2126 suis
772 2067 965 2125 colere
992 2082 1184 2140 agroS‚
1211 2074 1278 2125 ut
1304 2075 1701 2136 assueverant,
1728 2066 1905 2126 iussis
1922 2066 2174 2124 Alexan-

68 2155 197 2213 dro
226 2169 361 2210 cum
393 2149 565 2208 donis
592 2149 862 2222 occurrit,
891 2149 1052 2220 nihil,
1082 2148 1242 2225 quod
1265 2148 1599 2226 imperaret,
1629 2149 1981 2208 detrectans,

224 2235 386 2312 Cap.
423 2233 496 2292 11.
540 2231 791 2292 Biduum
815 2233 972 2311 apud
1000 2250 1132 2292 eum
1162 2233 1420 2292 substitit
1450 2251 1581 2291 rex:
1623 2232 1793 2292 tertio
1819 2232 1914 2290 die
1942 2249 2176 2290 amnem
2197 2225 2234 2284 1

62 2337 372 2401 superare
396 2317 751 2388 decreverat,
797 2316 1044 2378 transitu
1079 2316 1372 2377 difficilem
1407 2335 1526 2376 non
1563 2316 1752 2395 spatio
1779 2315 1968 2377 solum
1997 2333 2179 2392 aqua-

56 2425 249 2478 rum,
296 2403 400 2466 sed
446 2403 617 2463 etiam
661 2401 815 2463 saxis
851 2400 1215 2482 impeditum.
1280 2402 1667 2463 Percontatus
1707 2399 1884 2478 igitur
1922 2393 2235 2477 Phegea,2

62 2509 243 2573 quae
276 2487 578 2550 noscenda
607 2496 789 2562 erant,
836 2507 899 2550 11
927 2487 1151 2549 dierum
1187 2487 1338 2549 ultra
1363 2488 1584 2548 flumen
1609 2505 1717 2566 per
1749 2496 1943 2548 vastas
1971 2485 2177 2547 solitu-

64 2579 265 2640 dines
300 2576 412 2635 iter
449 2593 581 2636 esse
617 2573 1261 2654 cognoscin-excipere
1302 2573 1516 2634 deinde
1551 2571 1813 2652 Gangen,
1859 2572 2174 2634 maximum

59 2663 274 2726 totius
303 2661 501 2722 Indiae
527 2662 864 2722 fluminum:
905 2657 1242 2721 ulteriorem
1267 2661 1455 2738 ripam
1486 2659 1676 2719 colere
1707 2667 1913 2737 gentes
1943 2659 2173 2739 Ganga·
2193 2663 2234 2724 3

57 2750 253 2812 fidas
281 2757 339 2806 et
361 2745 620 2820 Prasios,
660 2763 980 2825 eorumque
1002 2763 1201 2824 regem
1231 2764 1363 2805 esse
1388 2747 1814 2824 Aggrammem,
1838 2765 1912 2806 xx
1935 2746 2172 2807 milibus

62 2833 353 2913 equitum
382 2832 763 2911 ducentisque
788 2830 1052 2912 peditum
1081 2831 1449 2893 obsidentem
1479 2831 1618 2893 viaS.
1664 2831 1752 2891 Ad
1787 2831 1900 2898 hoc
1933 2832 2170 2914 quadri·
2193 2835 2236 2894 4

60 2935 299 3000 garum
335 2915 450 2978 duo
483 2917 637 2980 milia
678 2919 927 2991 trahere,
972 2925 1029 2977 et
1065 2919 1446 2996 praecipuum
1485 2926 1770 2979 terrorem
1807 2919 2171 2999 elephantoS,

60 3023 245 3086 quos
270 3003 444 3064 trium
478 3003 696 3066 milium
732 3022 1045 3066 numerum
1074 3004 1309 3082 explere
1338 3003 1585 3064 dicebat.
1651 3003 2019 3065 Incredibilia
2050 3001 2174 3079 regi
2194 3003 2232 3060 5
2278 3065 2282 3072 ,

58 3088 291 3154 omnia
312 3088 675 3151 videbantur.
718 3089 901 3169 Igitur
918 3089 1136 3149 Porum
1162 3094 1321 3158 (nam
1348 3109 1480 3150 cum
1506 3109 1577 3149 eo
1600 3088 1752 3169 erat)
1778 3097 2172 3169 percontatur,

56 3195 165 3240 an
189 3191 327 3235 vera
350 3184 566 3247 essent,
592 3194 739 3254 quae
760 3176 1112 3236 dicerentur.
1157 3174 1260 3235 Ille
1286 3175 1436 3234 vires
1463 3175 1694 3254 quidem
1717 3175 1907 3252 gentis
1931 3184 1989 3233 et
2009 3169 2172 3248 regni
2193 3168 2234 3227 6

53 3261 255 3326 haud
296 3261 441 3320 falso
482 3259 683 3321 iactari
717 3262 989 3322 affirmat:
1040 3270 1314 3333 ceterum,
1367 3259 1462 3336 qui
1501 3270 1791 3338 regnaret,
1837 3275 1957 3318 non
1991 3255 2173 3316 modo

50 3343 413 3428 ignobilem
452 3363 599 3416 esse,
647 3345 751 3404 sed
790 3344 958 3404 etiam
999 3345 1234 3405 ultimae
1273 3344 1470 3416 sortiS,
1516 3346 1734 3424 quippe
1775 3350 2001 3420 patrem
2047 3339 2174 3400 eius

50 3444 418 3502 tonsorem,
442 3429 538 3490 vix
566 3429 775 3489 diurno
805 3438 1049 3507 quaestu
1075 3430 1518 3507 propulsantem
1547 3431 1776 3495 famem,
1801 3429 2046 3500 propter
2066 3424 2176 3481 ha-

50 3507 287 3583 bitu'm
307 3515 466 3574 haud
489 3515 833 3574 indecorum
858 3512 1022 3573 cordi
1044 3515 1222 3572 fuisse
1245 3515 1503 3588 reginae.
1548 3511 1636 3571 Ab
1659 3525 1726 3566 ea
1749 3508 1810 3601 in
1833 3505 2172 3582 propiorem
2191 3505 2235 3566 7
2277 3575 2282 3580 ‚

52 3603 245 3675 eius,
275 3600 373 3679 qui
394 3609 517 3660 tum
545 3607 869 3678 regnasset,
901 3596 1183 3657 amicitiae
1208 3597 1404 3656 locum
1428 3595 1745 3659 admotum,
1771 3588 2076 3648 interfecto
2101 3607 2176 3650 oo
