2417 3900
527 144 666 208 ΗΒ.
707 147 802 208 IV.
833 145 966 225 (11.)
1011 147 1171 209 CAP.
1211 148 1335 209 XV.
1379 146 1630 211 8-29.
2080 147 2165 212 63

67 264 396 324 fortunam.
466 263 631 326 Multi
672 284 812 343 ergo
841 265 1233 326 Macedonum
1274 265 1465 343 primo
1504 267 1731 348 impetu
1773 267 1970 330 obtriti
2004 279 2161 346 sunt,

70 351 280 428 plures
304 349 382 408 ad
399 349 802 412 Alexandrum
818 353 1180 427 refugerunt.
1226 350 1377 411 Tum
1394 353 1610 414 Persae
1632 356 1889 416 clamore
1909 356 2159 432 sublato,
2184 354 2263 417 19

69 435 310 514 qualem
338 434 592 497 victores
617 438 815 497 solent
841 437 1048 509 edere,
1096 435 1378 496 ferociter
1399 437 1459 499 in
1484 440 1714 502 hostem
1749 442 1918 521 quasi
1951 442 2167 521 ubique

65 519 456 601 profligatum
491 521 824 584 incurrunt.
878 521 1208 583 Alexander
1232 522 1472 584 territos
1500 528 1811 606 castigare,
1849 525 2170 602 adhortari,

65 605 390 687 proelium,
416 605 728 685 quodiam
753 609 1104 686 elanguerat,
1129 605 1291 668 solus
1310 611 1650 687 accendere,
1686 613 2171 692 confirmatisque

64 693 318 754 tandem
345 692 560 754 animis
583 692 672 754 ire
693 693 754 755 in
780 694 1008 756 hostem
1029 693 1213 754 iubet.

207 776 424 839 Rarior
459 779 616 840 acies
653 787 776 841 erat
807 780 869 842 in
904 781 1113 842 dextro
1145 797 1337 842 cornu
1360 779 1708 857 Persarum,
1748 798 2003 863 namque
2030 779 2171 842 inde
2191 787 2277 852 20

65 863 372 926 Bactriani
427 865 818 928 discesserant
861 867 935 927 ad
994 865 1387 946 opprimenda
1432 865 1876 946 impedimenta.
1963 868 2170 948 ltaque

61 949 414 1012 Alexander
439 951 666 1014 laxatos
702 953 943 1015 ordines
967 951 1190 1024 invadit
1223 961 1280 1014 et
1305 953 1489 1013 multa
1516 954 1695 1016 caede
1717 953 1979 1017 hostium
2003 955 2171 1016 inve-

63 1035 250 1098 hitur.
309 1037 513 1117 Atqui
547 1038 610 1099 in
638 1039 807 1102 laevo
837 1058 1028 1101 cornu
1068 1047 1235 1120 erant
1257 1037 1501 1108 Persae,
1535 1058 1661 1120 spe,
1701 1059 1887 1121 posse
1914 1058 2051 1102 eum
2074 1040 2170 1101 in·
2190 1045 2277 1107 21

60 1121 245 1197 cludi,
265 1140 481 1201 agmen
500 1143 677 1187 suum
697 1142 732 1185 a
747 1135 916 1204 tergo
937 1124 1272 1186 dimicantis
1293 1134 1633 1204 opponunt:
1658 1127 1992 1206 ingensque
2013 1125 2176 1205 peri-

69 1209 267 1270 culum
305 1209 366 1270 in
401 1210 605 1272 medio
637 1209 894 1274 haerens
935 1211 1174 1284 adisset,
1224 1211 1287 1270 ni
1320 1209 1551 1288 equites
1573 1211 1812 1289 Agriani
1850 1210 2176 1271 calcaribus

71 1293 330 1356 subditis
379 1296 776 1358 circumfusos
824 1296 956 1374 regi
1003 1295 1295 1356 barbaros
1340 1295 1534 1355 adorti
1572 1304 1776 1357 essent
1810 1313 2177 1375 aversosque

71 1381 382 1443 caedendo
407 1382 472 1442 in
500 1400 570 1442 se
599 1380 1224 1458 obverti·coegissent.
1282 1379 1545 1440 Turbata
1574 1389 1699 1442 erat
1718 1388 1970 1460 utraque
1995 1381 2171 1443 acies.
2191 1381 2276 1442 22

67 1467 411 1528 Alexander
441 1473 503 1528 et
529 1483 564 1526 a
587 1465 784 1526 fronte
819 1474 879 1527 et
903 1483 936 1525 a
970 1476 1138 1543 tergo
1164 1465 1401 1524 hostem
1429 1463 1717 1541 habebat3
1752 1466 1850 1545 qui
1878 1483 2088 1528 averso
2122 1467 2178 1527 ei

67 1552 400 1624 instabant,
441 1550 518 1612 ab
545 1550 816 1631 Agrianis
851 1549 1132 1612 militibus
1168 1549 1617 1628 premebantur3
1664 1559 1723 1612 et
1743 1549 2035 1615 Bactriani
2069 1551 2182 1612 im-

65 1635 440 1717 pedimentis
481 1637 745 1700 hostium
793 1635 1042 1716 direptis
1064 1634 1290 1696 reversi
1344 1634 1585 1696 ordines
1635 1655 1777 1699 suos
1820 1655 2180 1718 recuperare

63 1742 204 1786 non
226 1729 538 1802 poterant:
574 1724 741 1804 plura
767 1722 940 1784 simul
967 1723 1217 1802 abrupta
1247 1739 1281 1781 a
1314 1721 1523 1782 ceteris
1558 1723 1811 1802 agmina,
1839 1722 2179 1804 ubicunque

65 1808 262 1870 alium
283 1808 380 1870 alii
407 1810 532 1871 fors
569 1809 904 1883 miscuerat,
946 1807 1322 1871 dimicabant.
1378 1807 1508 1869 Duo
1543 1827 1715 1890 reges
1746 1810 1961 1873 iunctis
1985 1827 2177 1892 prope
2196 1817 2282 1880 23

69 1893 414 1975 agminibus
440 1896 734 1977 proelium
757 1897 1170 1960 accenderant.
1216 1894 1427 1957 Plures
1450 1895 1669 1957 Persae
1699 1897 2021 1960 cadebant:
2069 1913 2177 1977 par

69 1984 266 2044 ferme
285 1982 582 2063 utrimque
599 2002 883 2046 numerus
902 1983 1338 2045 vulnerabatur.
1374 1982 1563 2043 Curru
1574 1984 1821 2057 Dareus,
1842 1984 2178 2047 Alexander
2196 1988 2285 2049 24

73 2086 234 2147 equo
261 2068 606 2133 vehebatur.
663 2070 999 2150 Utrumque
1031 2067 1248 2131 delecti
1278 2068 1601 2129 tuebantur
1638 2070 1731 2130 sui
1756 2070 2178 2130 immemores:

73 2153 302 2234 quippe
327 2155 547 2217 amisso
583 2174 726 2237 rege
749 2173 860 2216 nec
889 2154 1166 2215 volebant
1201 2153 1351 2213 salvi
1386 2170 1521 2213 esse
1544 2172 1658 2213 nec
1693 2162 1999 2231 poterant,
2041 2161 2181 2212 ante

58 2241 287 2323 xoculos
313 2241 408 2303 sui
432 2241 684 2321 quisque
709 2240 868 2318 regis
885 2248 1136 2301 mortem
1159 2238 1515 2297 occumbere
1538 2238 1836 2299 ducebant
1856 2236 2183 2315 egregium.

79 2326 406 2388 Maximum
446 2334 647 2387 tamen
685 2323 1018 2406 periculum
1050 2323 1318 2395 adibant,
1360 2340 1509 2400 quos
1542 2322 1795 2383 maxime
1833 2323 2184 2397 tuebantur3
2204 2328 2285 2389 25

84 2412 310 2493 quippe
334 2410 450 2473 sibi
477 2411 731 2492 quisque
757 2409 914 2472 caesi
935 2408 1092 2488 regis
1117 2406 1433 2487 expetebat
1454 2408 1667 2468 decuS.

215 2498 495 2561 Ceterum
519 2498 643 2560 sive
668 2495 988 2561 ludibrium
1014 2496 1321 2557 oculorum
1346 2492 1469 2553 sive
1497 2510 1635 2554 vera
1658 2492 1886 2573 species
1910 2492 2045 2569 fuit,
2082 2492 2182 2574 qui
2201 2500 2287 2561 26

84 2584 244 2646 circa
268 2584 666 2648 Alexandrum
697 2591 884 2656 erant,
920 2582 1138 2644 vidisse
1165 2598 1232 2642 se
1248 2578 1627 2642 crediderunt
1646 2580 1965 2661 paullulum
2001 2598 2185 2660 super

85 2678 270 2749 caput
287 2670 450 2750 regis
474 2671 705 2751 placide
729 2670 1021 2732 volantem
1042 2667 1317 2749 aquilam,
1342 2685 1465 2728 non
1491 2666 1693 2729 sonitu
1711 2685 2029 2742 armorum,
2058 2686 2182 2729 non

90 2754 316 2835 gemitu
355 2757 735 2820 morientium
779 2757 1073 2819 territam:
1139 2754 1356 2835 diuque
1401 2754 1552 2815 circa
1600 2772 1818 2835 equum
1859 2753 2177 2815 Alexandri

87 2842 376 2921 pendenti
402 2846 590 2924 magis
615 2862 793 2925 quam
817 2843 1036 2905 volanti
1066 2840 1273 2903 similis
1307 2841 1597 2920 apparuit.
1646 2842 1813 2903 Certe
1848 2848 2010 2902 vates
2048 2840 2177 2902 Ari·
2196 2842 2285 2905 27

87 2924 334 2991 stander
355 2930 486 2991 alba
505 2939 669 2994 veste
690 2931 932 2993 indutus
955 2936 1013 2990 et
1035 2928 1240 2993 dextra
1264 2928 1603 3007 praeferens
1624 2928 1878 2989 lauream
1900 2926 2181 2989 militibus

89 3015 154 3076 in
199 3032 463 3095 pugnam
503 3017 746 3083 intentis
793 3031 962 3078 avem
994 3014 1369 3076 monstrabat
1403 3012 1564 3076 haud
1616 3014 1856 3076 dubium
1904 3013 2181 3076 victoriae

91 3101 443 3181 auspicium.
498 3104 718 3184 Ingens
756 3120 896 3183 ergo
925 3102 1192 3163 alacritas
1222 3108 1281 3161 et
1310 3100 1524 3162 fiducia
1551 3102 1747 3180 paullo
1782 3109 1920 3162 ante
1945 3100 2180 3164 territos
2199 3096 2285 3159 28

92 3187 373 3251 accendit
406 3188 481 3251 ad
522 3208 802 3271 pugnam,
847 3189 1046 3269 utique
1083 3197 1399 3268 postquam
1431 3205 1632 3267 auriga
1666 3187 1857 3262 Dar‘e'i,
1912 3187 2011 3266 qui
2044 3191 2181 3243 ante

91 3275 295 3354 ipsum
313 3276 534 3337 sedens
553 3294 738 3356 equos
757 3275 1017 3354 regebat,
1036 3275 1206 3336 hasta
1225 3275 1547 3335 transfixus
1566 3280 1676 3335 est.
1703 3274 1824 3336 Nec
1842 3281 1941 3333 aut
1958 3271 2182 3330 Persae

95 3368 200 3423 aut
223 3360 585 3424 Macedones
621 3361 978 3433 dubitavere,
1027 3362 1168 3441 quin
1204 3360 1339 3439 ipse
1376 3378 1479 3421 rex
1517 3370 1677 3421 esset
1716 3358 1967 3420 occisus,
2023 3352 2179 3449 Ergo
2200 3350 2284 3413 29

93 3448 336 3527 lugubri
358 3447 582 3509 ululatu
603 3455 664 3509 et
682 3446 988 3509 incondito
1013 3449 1271 3509 clamore
1290 3446 1625 3526 gemituque
1646 3453 1827 3506 totam
1852 3445 1973 3501 sere
1996 3456 2183 3501 aciem

98 3536 300 3597 adhuc
320 3552 514 3614 aequo
531 3533 716 3596 Marte
741 3531 1129 3614 pugnantium
1151 3531 1463 3593 turbavere
1480 3530 1714 3611 cognati
1732 3526 1901 3588 Darei
1926 3532 1983 3585 et
2006 3525 2185 3587 armi-

99 3621 246 3700 geri,
289 3622 643 3703 laevumque
688 3639 874 3685 cornu
915 3616 976 3679 in
1011 3620 1213 3697 fugam
1257 3620 1506 3681 effusum
1552 3612 1898 3677 destituerat
1928 3626 2185 3686 currum,
