2417 3900
284 131 409 193 188
748 132 847 193 DE
890 129 1154 191 GESTIS
1194 128 1625 192 ALEXANDRI
1668 130 1910 193 MAGNl

284 256 503 317 flumen
522 252 831 314 Acesinem
855 251 1009 315 locat
1028 257 1234 312 castra.
1277 248 1364 309 Ibi
1383 249 1534 311 forte
1559 249 1790 311 Coenus
1808 248 2016 311 morbo
2043 250 2360 313 exstinctus

285 349 397 401 est.
462 339 639 400 Cuius
667 346 857 400 morte
892 335 1175 413 ingemuit
1202 335 1436 413 quidem
1463 354 1582 407 rex,
1627 334 1836 395 adiecit
1861 345 2073 409 tamen,
2115 348 2360 415 propter

282 443 505 505 paucos
540 424 670 485 dies
708 424 947 499 longam
981 420 1310 481 orationem
1353 438 1488 481 eum
1523 438 1832 493 exorsum,
1875 429 2154 501 tanquam
2201 426 2360 483 solus

174 518 253 578 21
282 509 687 571 Macedoniam
709 509 944 575 visurus
970 514 1151 569 esset.
1187 507 1317 592 vxlam
1343 506 1404 567 in
1429 524 1580 585 aqua
1603 505 1826 581 classiS,
1871 526 2041 585 quam
2069 508 2361 569 aedificari

282 596 555 667 iusserat,
600 594 805 655 stabat.
872 592 1029 654 Inter
1054 592 1201 653 haec
1227 591 1502 655 Memnon
1529 611 1597 651 ex
1621 592 1864 653 Thracia
1888 592 1947 651 in
1985 595 2361 673 supplemen-

283 691 403 743 tum
444 680 703 758 equitum
737 699 773 739 v
810 680 985 752 milia,
1028 687 1264 757 praeter
1297 696 1400 737 eos
1433 678 1507 737 ab
1541 678 1794 755 Harpalo
1834 679 2094 756 peditum
2135 690 2357 758 septem

281 767 440 828 milia
466 767 807 838 adduxerat,
843 782 1121 843 armaque
1147 780 1259 825 xxv
1285 764 1442 826 milia
1465 782 1608 824 auro
1637 772 1694 823 et
1715 773 1958 841 argento
1985 766 2202 825 caelata
2229 786 2356 845 per-

174 858 255 917 22
282 854 509 925 tulerat,
539 854 669 931 quis
694 850 1019 912 distributis
1044 858 1240 911 vetera
1267 849 1511 909 cremari
1543 849 1732 910 iussit.
1777 850 1930 910 Mille
1949 852 2210 927 navigiis
2240 853 2358 911 adi·
2400 918 2401 933 ἶ

282 948 449 1000 turus
484 954 769 997 oceanum
808 936 1113 997 discordes
1151 943 1209 996 et
1237 944 1434 995 vetera
1469 935 1604 997 odia
1637 942 2021 997 retractantes
2045 936 2267 997 Porum
2307 945 2358 997 et
2400 954 2401 993 1

284 1024 543 1095 Taxilen,
575 1022 779 1083 Indiae
801 1040 991 1101 reges,
1028 1022 1290 1083 firmatae
1313 1038 1420 1100 per
1443 1021 1780 1083 affinitatem
1809 1020 2024 1099 gratiae
2049 1022 2280 1101 reliquit
2301 1023 2360 1083 in
2400 1018 2401 1081 3

282 1110 407 1171 suis
434 1109 653 1187 regniS,
690 1126 920 1169 summo
948 1106 1012 1169 in
1038 1106 1398 1167 aedificanda
1425 1106 1614 1167 classe
1639 1107 1946 1167 amborum
1975 1108 2167 1168 studio
2195 1128 2362 1169 usus,

136 1215 152 1223 ⁸
177 1207 261 1268 23
284 1196 515 1275 Oppida
542 1213 775 1272 quoque
798 1194 914 1255 duo
940 1193 1222 1266 condidit,
1261 1208 1512 1271 quorum
1536 1194 1778 1253 alterum
1808 1193 2080 1253 Nicaeam
2102 1194 2365 1271 appella-
2400 1236 2401 1275 3

282 1282 379 1355 vit,
407 1282 653 1341 alterum
676 1280 1091 1359 Bucephalam,
1116 1278 1274 1357 equi,
1301 1295 1474 1356 quem
1500 1278 1792 1351 amiserat,
1819 1278 2135 1339 memoriae
2157 1297 2230 1339 ac
2251 1298 2364 1339 no·
2400 1310 2401 1359 3

180 1376 263 1437 24
280 1366 424 1427 mini
450 1366 729 1436 dedicans
766 1367 993 1427 urbem.
1036 1364 1378 1444 Elephantis
1413 1364 1628 1425 deinde
1655 1372 1712 1425 et
1741 1364 2181 1443 impedimentis
2205 1372 2360 1425 terra
2400 1388 2401 1443 ᾗ

283 1450 447 1530 sequi
478 1452 659 1513 iussis
708 1452 969 1512 secundo
1004 1469 1180 1513 amne
1219 1449 1490 1523 defluxit,
1535 1450 1916 1528 quadraginta
1951 1450 2136 1511 ferme
2179 1450 2362 1511 stadia

282 1532 527 1615 singulis
565 1536 771 1598 diebus
814 1536 1163 1616 procedens,
1202 1545 1267 1596 ut
1301 1536 1650 1614 opportunis
1685 1536 1830 1597 locis
1871 1535 2083 1614 exponi
2111 1537 2360 1597 subinde

284 1624 486 1702 copiae
526 1630 793 1700 possent.

227 1718 261 1777 1
412 1708 500 1768 Ca
516 1727 573 1785 p.
600 1708 709 1768 IV:
738 1707 1091 1768 Perventum
1116 1713 1242 1765 erat
1257 1705 1318 1767 in
1340 1704 1667 1783 regionem,
1689 1704 1882 1783 inqua
1903 1704 2219 1784 Hydaspes
2243 1723 2362 1763 am-

224 1802 263 1861 2
282 1793 377 1852 nis
410 1793 640 1852 Acesini
670 1789 1061 1853 committitur.
1124 1788 1274 1850 Hinc
1309 1791 1565 1852 decurrit
1586 1790 1648 1851 in
1675 1790 1824 1851 fines
1851 1790 2146 1853 Siborum.
2196 1790 2270 1851 Hi
2295 1790 2362 1850 de

284 1877 545 1947 exercitu
570 1876 837 1937 Herculis
874 1873 1127 1935 maiores
1154 1893 1296 1935 suos
1324 1894 1456 1935 esse
1488 1884 1844 1939 memorant:
1886 1894 2097 1956 aegros
2121 1876 2358 1937 relictos

222 1967 262 2029 :3
286 1981 435 2031 esse,
484 1963 713 2040 cepisse
738 1962 959 2032 sedem,
1000 1978 1172 2038 quam
1198 1961 1315 2040 ipsi
1339 1962 1702 2024 obtinebant.
1745 1963 1939 2024 Pelles
1969 1965 2230 2024 ferarum
2257 1981 2360 2041 pro

282 2057 459 2119 veste,
502 2047 696 2109 clavae
729 2048 841 2108 tela
890 2053 1083 2120 erant3
1126 2044 1440 2126 multaque,
1482 2049 1652 2120 etiam
1694 2067 1874 2128 quum
1913 2048 2118 2109 Graeci
2165 2066 2361 2108 mores

221 2139 262 2198 4
282 2131 699 2205 exolevissent,
756 2131 955 2209 stirpis
1006 2133 1396 2194 ostendebant
1445 2134 1705 2212 vestigia.
1777 2134 1929 2194 Hinc
1974 2134 2362 2194 exscensione

281 2220 427 2278 facta
467 2237 536 2279 cc
574 2227 629 2281 et
661 2239 699 2280 >L
728 2218 918 2280 stadia
958 2218 1251 2295 processit
1291 2219 1797 2301 depopulatusque
1837 2220 2143 2298 regionem
2193 2219 2362 2298 oppi-

223 2310 259 2368 5
281 2305 439 2376 dum,
479 2313 651 2384 caput
676 2304 819 2378 eiuS‚
853 2305 1072 2364 corona
1098 2304 1272 2382 cepit.
1318 2303 1715 2382 Quadraginta
1743 2305 2002 2384 peditum
2030 2305 2192 2366 milia
2215 2321 2364 2382 gens

279 2389 341 2450 in
377 2391 503 2469 ripa
548 2391 855 2452 fluminum
899 2401 1284 2468 opposuerat,
1329 2408 1479 2466 quae
1525 2409 1696 2450 amne
1736 2401 2010 2469 superato
2059 2391 2125 2451 in
2165 2393 2366 2468 fugam

280 2477 562 2554 compulit
602 2476 981 2554 inclusosque
1024 2475 1337 2534 moenibus
1379 2482 1692 2554 expugnat.
1761 2477 2022 2536 Puberes
2067 2475 2368 2536 interfecti

221 2563 260 2622 6
280 2570 433 2632 sunt,
475 2562 650 2620 ceteri
674 2561 999 2622 venierunt.
1043 2560 1301 2620 Alteram
1331 2560 1546 2620 deinde
1579 2561 1784 2621 urbem
1815 2580 2154 2640 expugnare
2185 2562 2368 2622 ador-

277 2654 373 2704 tus
395 2664 719 2724 magnaque
738 2647 792 2706 vi
810 2645 1252 2706 defendentium
1272 2647 1475 2724 pulsus
1494 2645 1710 2707 multos
1731 2647 2126 2708 Macedonum
2151 2649 2370 2708 amisit.

282 2730 401 2789 Sed
423 2749 601 2808 quum
620 2731 679 2791 in
709 2732 1018 2793 obsidione
1043 2740 1498 2809 perseverasset,
1529 2732 1808 2811 oppidani
1835 2733 2148 2812 desperata
2177 2735 2370 2794 salute

280 2814 475 2891 ignem
500 2816 807 2878 subiecere
829 2819 1015 2888 tectiS,
1044 2835 1109 2876 se
1134 2836 1366 2895 quoque
1391 2835 1459 2876 ac
1483 2817 1700 2878 liberos
1727 2818 2130 2896 coniugesque
2157 2820 2372 2880 incen-

223 2899 379 2966 7dio
404 2911 688 2962 cremant.
758 2904 927 2975 Quod
972 2921 1151 2980 quum
1177 2903 1292 2980 ipsi
1317 2912 1614 2980 augerent,
1660 2903 1862 2966 hostes
1899 2905 2368 2982 exstinguerent,

280 3003 433 3044 nova
458 2988 645 3046 forma
672 3006 905 3066 pugnae
926 2998 1067 3048 erat.
1110 2989 1398 3049 Delebant
1421 2988 1648 3049 incolae
1670 2990 1893 3059 urbem,
1918 2989 2130 3050 hostes
2155 2992 2368 3052 defen-

278 3071 527 3136 debant:
574 3073 721 3134 adeo
765 3074 937 3136 etiam
978 3085 1220 3136 naturae
1256 3073 1382 3137 iura
1423 3075 1638 3135 bellum
1676 3074 1742 3136 in'
1769 3075 2130 3136 contrarium
2159 3087 2364 3139 mutat.

216 3159 261 3221 8
276 3158 395 3218 Arx
414 3167 539 3220 erat
554 3160 757 3238 oppidi
772 3161 999 3232 iactata,
1022 3160 1083 3221 in
1105 3177 1218 3238 qua
1238 3160 1594 3237 praesidium
1615 3161 1950 3240 dereliquit;
1974 3161 2106 3239 ipse
2128 3161 2360 3242 navigio

276 3243 697 3306 circumvectus
738 3253 829 3306 est
864 3264 1079 3307 arcem.
1146 3245 1380 3324 Quippe
1414 3266 1481 3308 111
1520 3247 1760 3308 flumina
1785 3251 1906 3308 tota
1933 3247 2097 3308 India
2126 3259 2364 3327 praeter

280 3329 538 3410 Gangem
574 3330 823 3391 maxima
858 3331 1218 3392 munimento
1253 3331 1404 3394 arcis
1435 3331 1726 3410 applicant
1761 3334 1968 3393 undaS.
2035 3333 2084 3392 A
2118 3343 2366 3414 septen-

217 3413 258 3472 9
276 3416 465 3476 trione
492 3415 674 3478 ludus
699 3416 877 3488 alluit,
903 3434 935 3476 a
960 3415 1202 3477 meridie
1223 3417 1500 3478 Acesines
1519 3418 1774 3497 Hydaspi
1802 3419 2213 3481 confunditur.
2265 3422 2370 3482 Ce-

272 3507 467 3561 terum
493 3503 753 3564 amnium
780 3512 981 3563 coetus
1006 3502 1309 3564 maritimis
1336 3503 1552 3564 similes
1572 3505 1782 3566 fluctus
1809 3513 2022 3578 movet,
2049 3507 2370 3585 multoque

276 3599 347 3644 ac
366 3585 601 3648 turbido
622 3589 781 3662 limo,
820 3587 977 3668 quod
996 3605 1276 3668 aquarum
1299 3607 1594 3650 concursu
1615 3589 1870 3652 subinde
1893 3590 2192 3666 turbatur,
2235 3591 2368 3664 iter,
