2417 3900
1563 0 1682 8 ᾑ-
1801 0 2032 14 ,ἡν--

469 161 610 221 LIB.
655 159 754 221 111.
801 159 900 240 (1.)
973 159 1132 221 CAP.
1173 159 1325 221 VIII.
1400 155 1687 220 17—29.
2022 157 2105 218 17
2174 151 2197 176 ’

74 262 336 337 iusserat:
383 278 432 338 si
453 278 514 338 id
537 286 838 356 praestare
863 297 984 340 non
1006 288 1272 358 possent,
1317 277 1687 338 retrocedere
1712 277 1773 337 in
1796 284 2027 338 montes
2050 285 2113 340 et

73 365 282 422 occulte
308 363 616 424 circumire
639 363 874 424 ultimos
903 364 1179 424 hostium.
1242 365 1512 425 Ceterum
1550 363 1834 424 destinata
1860 363 2108 424 salubri-
2124 361 2211 423 29

71 458 150 507 ter
177 448 337 508 omni
372 449 600 517 ratione
642 449 941 527 potentior
973 449 1203 509 fortuna
1241 449 1540 511 discussit:
1589 448 1805 527 quippe
1840 448 1935 508 alii
1966 466 2107 528 prae

67 544 213 593 metu
255 533 566 612 imperium
611 533 848 612 exsequi
899 553 1020 594 non
1065 533 1386 609 audebant,
1432 535 1527 595 alii
1564 535 1777 594 frustra
1822 551 2112 611 exseque-

67 621 284 692 bantur,
329 619 479 697 quia,
524 619 626 679 ubi
649 626 846 696 partes
868 619 1092 693 labant,
1140 637 1370 680 summa
1393 620 1671 680 turbatur.

185 705 346 782 Cap.
374 704 472 764 lx.
536 703 706 764 Acies
731 712 922 766 autem
959 706 1076 766 hoc
1099 705 1281 766 modo
1309 704 1485 766 stetit.
1551 705 1920 765 Nabarzanes
1948 701 2112 783 equi·
2135 709 2171 770 1

64 797 183 850 tatu
203 791 472 850 dextrum
501 807 684 850 cornu
707 791 978 852 tuebatur
1002 790 1221 852 additis
1250 791 1611 852 funditorum
1650 788 2113 866 sagittariorum-

64 893 178 952 que
217 875 416 952 viginti
449 877 570 935 fere
605 873 855 938 milibus.
943 876 1011 938 In
1047 875 1261 938 eodem
1298 876 1630 957 Thymodes
1674 883 1826 948 erat,
1876 873 2171 944 Graecis2

61 960 356 1038 peditibus
383 962 653 1021 mercede
679 961 986 1024 conductis
1010 961 1247 1040 triginta
1272 963 1509 1023 milibus
1524 960 1918 1041 praepositus
1984 959 2116 1022 Hoc
2156 965 2169 983 '

63 1054 179 1106 erat
231 1047 388 1107 haud
427 1047 600 1108 dubie
647 1047 832 1108 robur
871 1047 1186 1122 exercitus,
1238 1067 1348 1128 par
1382 1047 1790 1110 Macedonicae
1840 1045 2118 1126 phalangi

64 1132 241 1198 acies,
277 1131 344 1192 In
368 1133 532 1193 laevo
561 1151 749 1193 cornu
770 1132 1170 1195 Aristomedes
1195 1130 1518 1194 Thessalus
1545 1133 1748 1210 viginti
1783 1133 1941 1192 milia
1976 1131 2117 1192 bar-
2134 1133 2175 1194 3

59 1215 333 1278 barorum
371 1217 632 1296 peditum
676 1217 950 1280 habebat.
999 1219 1084 1278 vIn
1123 1217 1404 1280 subsidiis
1452 1217 1921 1298 pugnacissimas
1958 1215 2121 1275 loca-

59 1311 215 1362 verat
243 1311 465 1378 genteS.
535 1303 736 1380 Ipsum
774 1318 973 1382 regem
1007 1303 1072 1364 in
1105 1303 1315 1365 eodem
1351 1318 1534 1364 cornu
1567 1301 1975 1362 dimicaturum
2010 1299 2178 1364 triaAE

59 1387 217 1448 milia
242 1386 602 1446 delectorum
627 1386 902 1463 equitum,
951 1396 1188 1447 assueta
1222 1388 1488 1468 corporis
1520 1385 1801 1458 custodia,
1848 1396 1906 1447 et
1934 1386 2120 1465 pede-

59 1472 199 1532 stris
222 1471 379 1530 acies
403 1470 785 1548 quadraginta
813 1472 968 1531 milia
995 1473 1412 1550 sequebantur.
1476 1470 1727 1550 Hyrcani
1750 1471 1963 1532 deinde
1993 1471 2117 1531 Me·
2140 1473 2179 1532 5

59 1558 244 1635 dique
276 1555 520 1635 equites,
545 1555 636 1615 his
664 1555 917 1633 proximi
941 1563 1264 1616 ceterarum
1294 1556 1569 1634 gentium,
1618 1553 1819 1616 dextra
1842 1556 2124 1634 laevaque

59 1641 350 1720 dispositi.
413 1641 542 1701 Hoc
572 1657 800 1718 agmen,
841 1642 994 1703 sicut
1027 1641 1247 1703 dictum
1279 1649 1399 1716 est,
1444 1641 1791 1704 instructum
1832 1661 1939 1702 sex
1965 1641 2123 1701 milia

57 1727 441 1788 iaculatorum
461 1727 942 1806 funditorumque
967 1727 1413 1788 antecedebant.
1474 1725 1763 1806 Quicquid
1786 1726 1846 1788 in
1870 1727 1984 1788 illis
2013 1745 2121 1789 an·-
2137 1725 2181 1786 6

61 1812 264 1890 gustiis
300 1811 447 1891 adiri
487 1819 746 1890 poterat,
791 1812 1176 1892 impleverant
1211 1813 1447 1893 copiae,
1501 1826 1837 1891 cornuaque
1868 1813 2009 1874 hinc
2046 1813 2121 1873 ab

57 1899 209 1979 iugo,
255 1897 414 1959 illinc
443 1913 476 1957 a
503 1899 649 1959 mari
683 1898 932 1973 stabant,
979 1911 1224 1961 uxorem·
1262 1909 1625 1979 matremque
1659 1898 1815 1977 regis
1853 1906 1909 1962 et
1943 1897 2122 1960 alium

57 1986 401 2045 feminarum
430 2002 667 2063 gregem
692 1985 756 2046 in
783 1985 1042 2046 medium
1069 2000 1287 2063 agmen·
1308 1992 1674 2063 acceperant.
1711 1996 1715 2003 ·

185 2069 512 2129 Alexander
542 2071 914 2150 phalangem,
962 2090 1075 2149 qua
1113 2072 1255 2131 nihil
1294 2070 1455 2150 apud
1488 2064 1843 2129 Macedonas
1876 2066 2183 2128 validius7

57 2163 199 2228 erat,
237 2154 298 2215 in
324 2156 516 2214 fronte
540 2156 854 2217 constituit.
898 2156 1177 2216 Dextrum
1208 2172 1401 2231 cornu,
1413 2150 1685 2227 Nicanor,
1714 2152 2125 2214 Parmenionis

57 2242 231 2311 filius,
275 2240 578 2300 tuebatur:
622 2242 758 2301 huic
793 2242 1044 2319 proximi
1087 2242 1325 2302 stabant
1354 2241 1585 2302 Coenos
1615 2248 1671 2300 et
1714 2234 2026 2298 Perdiccas
2065 2244 2127 2299 et

56 2326 354 2401 Meleager
383 2332 442 2382 et
466 2324 830 2385 Ptolemaeus
851 2334 908 2384 et
933 2330 1230 2404 AmyntaS,
1260 2324 1348 2385 sui
1376 2324 1623 2405 quisque
1649 2319 1895 2401 agminis
1924 2323 2123 2383 duces.

59 2412 122 2471 ln
182 2410 377 2480 laevo,
437 2410 595 2486 quod
645 2410 718 2469 ad
768 2428 930 2469 mare
979 2411 1337 2488 pertinebat,
1385 2410 1663 2471 Craterus
1710 2412 1769 2469 et
1811 2406 2185 2475 ParmenioS

59 2503 258 2567 erant,
327 2493 434 2553 sed
475 2494 742 2556 Craterus
794 2495 1171 2556 Parmenioni
1220 2514 1433 2575 parere·
1475 2495 1691 2556 iussus·
1762 2492 2000 2573 Equites
2047 2494 2123 2553 ab

58 2592 312 2659 utroque
345 2597 528 2641 cornu
563 2581 763 2642 locati:
811 2576 1082 2641 'dextrum
1120 2580 1473 2643 Macedones
1512 2579 1807 2641 Thessalis
1846 2579 2124 2653 adiuncti,

57 2668 290 2727 laevum
337 2664 757 2744 Peloponnesii
804 2665 1133 2728 tuebantur.
1218 2670 1367 2730 Ante
1416 2668 1571 2727 hanc
1618 2668 1803 2727 aciem
1846 2666 2183 2744 posueram

55 2751 421 2814 funditorum
476 2770 716 2813 manum
754 2752 1066 2829 sagittariis
1122 2754 1412 2815 admixtis,
1483 2747 1741 2813 Thraces
1787 2768 2021 2830 quoque
2067 2758 2128 2811 et

56 2839 372 2899 Cretenses
399 2846 535 2898 ante
563 2857 772 2917 agmen
807 2839 975 2899 ibant
998 2846 1057 2918 et
1081 2838 1194 2916 ipsi
1230 2840 1434 2899 leviter
1464 2838 1692 2898 armati.
1740 2836 1815 2897 At
1849 2834 1970 2909 his,
2024 2836 2125 2914 qui
2146 2836 2227 2900 10

55 2920 370 3003 praemissi
402 2939 434 2981 a
473 2923 664 2985 Dareo
702 2925 902 3003 iugum
941 2924 1156 2985 montis
1194 2924 1565 2997 insederant,
1612 2922 1895 3001 Agrianos
1934 2940 2125 3001 oppo-

57 3008 176 3069 suit
213 3026 286 3067 ex
325 3008 564 3069 Graecia
601 3029 793 3089 nuper
837 3008 1133 3070 advectos
1221 3007 1597 3075 Parmenioni
1650 3014 1841 3069 autem
1882 3022 2124 3087 praece-

55 3105 244 3173 perat,
295 3104 384 3164 ut,
431 3107 716 3172 quantum
750 3104 982 3174 posset,
1029 3113 1238 3174 agmen
1272 3096 1345 3155 ad
1383 3094 1957 3166 mare'extenderet,
2007 3112 2121 3172 quo

55 3178 292 3257 longius
320 3178 555 3241 abesset
581 3182 734 3242 acies
757 3181 1086 3253 montibuS,
1135 3198 1283 3260 quos
1304 3188 1733 3259 occupaverant
1757 3178 2008 3239 barbari.
2055 3185 2127 3240 At
2147 3176 2228 3238 11

16 3326 18 3331 .
57 3267 132 3327 illi
157 3281 354 3341 neque
382 3265 620 3327 obstare
647 3267 1014 3328 venientibus
1040 3285 1150 3327 nec
1168 3266 1478 3347 vcircumire
1500 3273 1971 3343 praetergressos
1998 3262 2126 3322 ausi

58 3350 428 3412 funditorum
463 3354 712 3413 maxime
754 3362 994 3432 aspectu
1027 3352 1210 3414 territi
1246 3352 1654 3431 profugerant,
1700 3368 1885 3428 eaque
1909 3364 2006 3408 res
2027 3352 2126 3406 tu-

54 3444 182 3498 tum
227 3434 556 3498 Alexandro
591 3438 1048 3515 agminis-latus,
1095 3439 1256 3517 qnod
1303 3456 1377 3497 ne
1427 3453 1684 3514 superne
1729 3434 2128 3493 incesseretur

56 3524 352 3592 timuerat,
383 3523 691 3601 praestitit.
736 3523 994 3600 Triginta
1033 3531 1091 3583 et
1115 3526 1237 3584 duo
1275 3530 1628 3583 armatorum
1665 3516 1903 3575 ordines
1929 3510 2229 3585 ibant312

16 3654 18 3665 .
64 3622 268 3685 neque
296 3604 450 3693 epim
471 3607 642 3670 latius
667 3607 900 3670 extendi
925 3609 1105 3670 aciem
1131 3602 1508 3689 patiebantur
1531 3595 1860 3737 angustiae4
1913 3593 2127 3655 Paula-

169 3704 376 3749 curtius.
