2417 3900
265 168 352 228 50
705 165 808 226 DE
853 163 1116 225 GESTIS
1160 159 1595 223 ALEXANDRI
1634 157 1881 219 MAGNI

261 307 410 366 ergo
433 284 756 348 necessitas
784 302 950 345 versa
972 290 1094 358 est;
1122 281 1340 362 quippe
1362 279 1658 354 Mazaeus,
1685 276 1786 358 qui
1812 282 1985 338 antea
2010 272 2120 355 pe'r
2147 276 2349 342 otium

265 375 428 436 vicos
454 372 812 444 incenderat,
857 370 972 430 iam
995 370 1198 447 fugere
1224 374 1536 440 contentus
1572 367 1855 445 pleraque
1879 361 2155 424 inviolata
2174 363 2349 428 hosti

67 487 74 498 “
163 465 246 528 15
263 459 516 538 reliquit.
601 456 936 518 Alexander
959 453 1117 517 haud
1153 453 1387 531 longius
1412 458 1647 514 centum
1670 447 2093 530 quinquaginta
2130 449 2347 512 stadiis

263 547 518 609 Dareum
559 561 594 602 a
629 559 696 604 se
731 542 942 603 abesse
982 546 1369 620 compererat.
1456 537 1661 618 ltaque
1692 536 1770 598 ad
1818 533 2147 598 satietatem
2187 555 2345 616 quo-

268 650 384 710 que
430 628 600 707 copia
645 635 1078 690 commeatuum
1119 624 1443 686 insu-uetus
1485 622 1798 703 quatriduo
1835 621 1899 682 in
1942 619 2155 681 eodem
2205 623 2343 683 loco

74 737 80 751 ⁶
163 711 246 772 16
265 715 547 778 substitit.
632 714 997 793 Interceptae
1025 710 1239 772 deinde
1261 709 1437 771 Darei
1458 709 1661 771 literae
1684 715 1841 784 sunt,
1889 703 2101 786 quibus
2128 705 2341 768 Graeci

269 801 482 862 milites
520 799 1008 872 sollicitabantur,
1057 804 1123 858 ut
1157 814 1362 874 regem
1412 794 1813 856 interficerent
1846 799 1949 853 aut
1984 792 2342 871 proderent:

268 885 683 963 dubitavitque,
709 903 785 945 an
811 902 912 944 eas
937 901 1050 962 pro
1077 881 1363 943 concione
1388 880 1681 955 recitare-t,
1710 879 1852 942 satis
1876 877 2133 939 confisus
2154 877 2342 939 Grae-

165 969 252 1032 17
275 989 479 1032 corum
513 988 750 1049 quoque
785 987 926 1047 erga
949 986 1014 1029 se
1047 965 1491 1030 benevolentiae
1530 985 1599 1028 ac
1630 966 1791 1031 fidei.
1877 963 1997 1025 Sed
2021 963 2338 1025 Parmenio

269 1056 573 1129 deterruit,
623 1074 744 1116 non
777 1073 910 1115 esse
937 1051 1152 1115 talibus
1176 1051 1487 1133 promissis
1511 1051 1865 1114 imbuendas
1890 1066 2065 1110 aures
2088 1047 2343 1111 militum
2388 1046 2393 1077 ⁵

271 1144 602 1204 affirmans;
626 1149 828 1220 patere
842 1141 946 1200 ‘vel
969 1138 1142 1200 unius
1161 1137 1393 1200 insidiis
1418 1153 1656 1216 regem3
1681 1135 1827 1198 nihil
1847 1136 2015 1196 nefas
2036 1151 2163 1194 esse
2185 1151 2340 1194 ava·
2388 1134 2393 1178 Ι

167 1223 252 1287 18
271 1227 456 1290 ritiae.
545 1227 841 1304 Sequutus
867 1224 1096 1286 consilii
1120 1233 1422 1286 auctorem
1456 1231 1647 1284 castra
1670 1219 1871 1284 movit.
2037 1226 2043 1230 ’
2388 1218 2393 1227 “

228 1359 238 1370 ,
399 1312 520 1377 lter
547 1312 781 1372 facienti
805 1312 992 1392 spado
1018 1329 1050 1372 e
1075 1311 1336 1390 captiviS,
1374 1299 1678 1388 qui'Darei
1704 1323 1953 1369 uxorem
1978 1303 2347 1365 comitaban-

169 1394 251 1456 19
270 1406 387 1471 tur,
413 1399 668 1460 deficere
699 1415 828 1459 eam
855 1396 1097 1459 nunciat
1119 1404 1176 1458 et
1196 1396 1293 1456 vix
1318 1395 1587 1475 spiritum
1618 1394 1854 1471 ducere.
1938 1389 2171 1452 Itineris
2196 1407 2346 1451 con-

271 1483 420 1546 tinui
458 1485 662 1547 labore
698 1482 997 1563 animique
1029 1481 1397 1561 aegritudine
1430 1480 1666 1560 fatigata
1700 1480 1856 1541 inter
1890 1493 2095 1538 socrus
2132 1483 2193 1537 et
2225 1475 2346 1537 vir-

271 1569 474 1647 ginum
506 1569 760 1630 filiarum
791 1587 1003 1630 manus
1041 1569 1298 1647 collapsa
1335 1573 1485 1640 erat,
1539 1565 1755 1627 deinde
1796 1572 1855 1626 et
1886 1561 2190 1624 exstincta.
2278 1561 2346 1623 Id

165 1648 254 1711 20
269 1655 469 1732 ipsum
495 1655 783 1716 nuncians
809 1653 956 1716 alius
983 1653 1344 1732 supervenit.
1430 1652 1504 1714 Et
1524 1671 1631 1713 rex
1652 1651 1814 1713 haud
1848 1666 2041 1722 secuS,
2090 1665 2273 1728 quam
2296 1647 2347 1708 si

277 1739 541 1818 parentis
583 1739 766 1816 [suae]
810 1757 974 1800 mors
1003 1739 1281 1800 nunciata
1328 1745 1513 1810 esset,
1562 1737 1802 1798 crebros
1844 1733 2028 1796 edidit
2070 1732 2344 1812 gemituS,

271 1825 649 1902 lacrimisque
677 1822 922 1900 obortis,
971 1825 1172 1902 quales
1200 1824 1425 1884 Dareus
1462 1823 1843 1902 profudisset,
1890 1821 1954 1882 in
1992 1819 2347 1881 tabernacu-

271 1910 411 1983 lum,
459 1909 520 1971 in
550 1916 884 1990 quo-mater
907 1917 1034 1971 erat
1054 1909 1244 1985 Darei,
1292 1909 1569 1971 defuncto
1604 1909 1877 1970 assidens
1905 1904 2146 1987 corpori
2169 1903 2347 1967 venit.

169 1989 253 2053 21
275 1994 388 2057 Hic
410 2014 549 2056 vero
576 2004 893 2057 renovatus
923 2005 1014 2056 est
1041 2013 1294 2069 maeror,
1321 2003 1387 2056 ut
1412 2002 1768 2073 prostratam
1790 1993 1955 2055 humi
1973 1992 2136 2054 vidit.
2225 1992 2365 2081 Re·³

274 2081 433 2143 centi
475 2082 628 2142 malo
671 2081 937 2161 priorum
978 2099 1213 2161 quoque
1258 2082 1557 2143 admonita
1598 2088 1905 2160 receperat
1945 2078 2009 2142 in
2056 2078 2348 2156 gremium
2396 2089 2405 2166 Ι

276 2168 504 2229 adultas
530 2167 802 2247 virgines,
848 2184 1058 2245 magna
1083 2167 1321 2247 quidem
1340 2167 1528 2227 mutui
1554 2166 1777 2227 doloris
1801 2163 2025 2237 solatia,
2076 2162 2187 2225 sed
2216 2163 2351 2241 qui-

137 2246 388 2316 022bus
422 2254 552 2335 ipsa
587 2254 832 2314 deberet
876 2271 1010 2314 esse
1046 2252 1278 2316 solatio.
1364 2252 1433 2311 ln
1470 2261 1789 2331 conspectu
1828 2258 1953 2311 erat
1986 2266 2179 2327 nepos
2206 2267 2351 2329 par-

231 2400 236 2412 ,
275 2340 465 2413 vuluS,
501 2339 578 2402 ob
603 2340 663 2400 id
684 2340 881 2419 ipsum
907 2337 1276 2407 miserabilis,
1316 2338 1474 2413 quod
1498 2339 1767 2399 nondum
1794 2336 2083 2397 sentiebat
2110 2335 2353 2397 calami-

171 2418 258 2480 23
277 2433 454 2485 tatem
499 2444 570 2502 ex
621 2435 790 2503 parte
835 2425 1086 2485 maxima
1134 2426 1210 2485 ad
1256 2422 1451 2499 ipsum
1498 2422 1950 2483 redundantem.
2039 2420 2351 2495 Crederes»,

271 2510 670 2571 Alexandrum
694 2510 850 2571 inter
872 2529 1010 2570 suas
1041 2508 1505 2570 necessitudines
1530 2510 1672 2569 flere
1708 2516 1768 2569 et
1796 2506 2001 2569 solatia
2025 2524 2147 2567 non
2173 2504 2353 2567 adhi-

278 2592 442 2665 here,
485 2595 591 2653 sed
617 2612 921 2671 quaerere.
1010 2594 1151 2657 Cibo
1179 2601 1335 2655 certe
1361 2593 1641 2655 abstinuit
1678 2610 2032 2672 omnemque
2052 2592 2353 2653 honorem

278 2678 466 2740 funeri
494 2678 682 2758 patrio
705 2681 1018 2741 Persarum
1042 2698 1210 2739 more
1233 2678 1500 2753 servavit,
1529 2678 1741 2757 dignus
1766 2679 2027 2751 hercule,
2062 2676 2162 2757 qui
2188 2696 2353 2739 nunc

279 2783 516 2842 quoque
542 2772 763 2825 tantum
801 2772 859 2825 et
885 2764 1354 2826 mansuetudinis
1380 2772 1437 2825 et
1463 2764 1858 2826 continentiae
1894 2766 2041 2827 ferat
2070 2764 2351 2825 fructum.

175 2844 264 2903 24
283 2852 480 2911 Semel
508 2852 749 2911 omnino
773 2869 900 2911 eam
925 2850 1164 2925 viderat,
1191 2870 1306 2929 quo
1336 2850 1431 2911 die
1455 2860 1622 2931 capta
1646 2860 1754 2923 est,
1780 2868 1893 2911 nec
1913 2857 1979 2911 ut
2002 2850 2213 2929 ipsam,
2241 2850 2353 2911 sed

283 2944 351 2996 ut
382 2935 554 2995 Dar'ei
590 2944 837 2997 matrem
871 2936 1122 3011 videret,
1170 2935 1555 3016 eximiamque
1591 2935 2086 3017 pulchritudinem
2120 2936 2352 2997 formae

285 3021 407 3082 eius
438 3041 561 3082 non
583 3021 842 3083 libidinis
869 3022 1154 3084 habuerat
1178 3021 1640 3096 incitamentum,
1691 3023 1798 3083 sed
1828 3019 2065 3101 gloriae.
2407 3020 2408 3027 ’

175 3098 262 3160 ‘25
408 3108 456 3167 E
481 3108 862 3185 spadonibuS,
915 3108 1012 3186 qui
1050 3108 1204 3169 circa
1229 3108 1492 3186 reginam
1515 3115 1698 3179 erant,
1748 3108 2017 3189 Tyriotes
2042 3106 2204 3168 inter
2228 3114 2353 3168 tre-
2407 3134 2408 3177 3

284 3192 644 3270 pidationem
667 3195 989 3273 lugentium
1015 3192 1251 3272 elapsus
1280 3212 1387 3277 per
1431 3214 1558 3256 eam
1586 3202 1835 3273 portam,
1886 3212 2055 3273 quae,
2103 3192 2243 3271 quia
2274 3191 2351 3253 ab
2407 3224 2408 3269 3

283 3278 454 3341 hoste
481 3298 683 3339 aversa
717 3290 856 3353 erat,
904 3278 1086 3340 levius
1117 3278 1589 3353 custodiebatur,
1622 3280 1697 3340 ad
1720 3278 1891 3339 Darei
1918 3287 2105 3340 castra
2134 3296 2353 3357 perve-
2407 3278 2408 3341 Ῠ

283 3364 389 3436 nit,
439 3375 838 3445 exceptusque
865 3384 894 3424 a
922 3364 1194 3443 vigilibus
1232 3364 1293 3424 in
1320 3366 1759 3428 tabernaculum
1786 3364 1947 3443 regis
1981 3364 2353 3443 perducitur,

159 3443 264 3503 ‘26
287 3466 529 3525 gemens
568 3461 625 3512 et
647 3460 810 3512 veste
846 3450 1121 3512 lacerata.
1214 3451 1401 3524 Quem
1429 3462 1494 3513 ut
1531 3450 1840 3529 conspexit
1861 3451 2103 3523 DareuS,
2146 3448 2353 3511 multi-

277 3534 421 3611 plici
447 3537 667 3599 doloris
690 3537 1124 3617 exspectatione
1149 3546 1495 3612 commotus,
1535 3546 1591 3598 et
1616 3536 1755 3615 quid
1775 3535 2149 3615 potissimum
2166 3536 2353 3598 time-

229 3638 234 3643 ·
283 3626 396 3689 ret,
439 3623 718 3698 incertus,
761 3623 986 3697 VultuS,
1032 3622 1238 3703 inquit,
1286 3630 1423 3685 tuus
1446 3624 1651 3685 nescio
1688 3622 1848 3701 quod
1881 3621 2091 3701 ingens
2125 3622 2353 3683 malum
