2417 3900
242 105 367 168 154
700 103 799 165 ue
844 101 1580 164 GES‘1'18.A1.EXANDR1
1621 100 1890 171 niem,
1955 72 1964 87 “

239 244 357 305 que
386 217 733 293 tolerabant.
796 222 932 287 Mox
964 240 1266 303 equorum·
1288 240 1410 283 non
1445 220 1682 298 ungulis
1718 214 1900 283 niodo
1931 218 2164 293 attritis,
2208 220 2314 284 sed

239 308 587 389 corporibus
616 309 785 369 etiam
814 308 1083 387 fatigatis,
1120 307 1290 385 sequi
1312 308 1577 387 plerique
1597 324 1720 367 non
1742 316 2022 386 poterant
2043 313 2104 365 et
2125 304 2316 369 rarius

237 396 489 458 subinde
513 414 723 474 agmen
744 396 937 466 fiebat,
958 395 1270 473 pudorem,
1296 402 1359 454 ut
1381 395 1500 454 fere
1518 392 1601 466 fit,
1625 392 1942 454 immodico
1965 392 2168 452 labore
2189 392 2318 453 vin-

129 479 216 553 ’35
236 490 423 546 cente.
466 481 591 542 Rex
618 490 813 541 tamen
850 480 1102 543 subinde
1130 496 1316 559 equos
1353 486 1584 539 mutans
1609 477 1738 538 sine
1763 476 2204 539 intermissione
2229 479 2318 539 fu-

235 568 459 646 gientes
486 566 923 644 insequebatur.
984 564 1224 627 Nobiles
1251 564 1492 627 iuvenes
1519 564 1782 625 comitari
1805 580 1938 625 eum
1965 563 2127 624 soliti
2155 565 2318 623 defe—
2403 570 2414 667 4¹

234 661 435 714 cerant
467 662 701 731 praeter
729 652 1079 732 Philippum.
1143 650 1476 729 Lysimachi
1515 658 1652 710 erat
1667 651 1864 724 frater,
1907 659 2032 712 tum
2060 648 2318 728 primum

128 739 213 804 36
233 740 467 804 adultus
497 748 572 808 et,
602 738 759 817 quod
785 740 951 799 facile
975 746 1301 816 appareret,
1325 736 1542 799 indoli-s
1569 750 1759 797 rarae.
1804 736 1864 797 Is
1887 736 2093 817 pedeS,
2118 734 2316 808 incre-

232 824 409 885 dibile
445 822 623 895 dictu‚
666 842 773 902 per
808 843 845 883 n
884 824 1071 887 stadia
1112 831 1343 883 vectum
1383 840 1584 901 regem
1623 822 1934 883 comitatus
1975 828 2100 895 est,
2139 836 2318 900 saepe

232 926 448 986 equum
474 926 647 967 suum
676 911 959 970 offerente
982 907 1353 989 Lysimacho,
1389 926 1501 969 nec
1523 916 1722 967 tamen
1752 916 1822 969 ut
1847 905 2264 985 digrederetur
2287 924 2318 965 a

127 993 210 1055 37
232 1010 369 1070 rege
408 991 561 1052 effici
601 992 809 1071 potuit,
855 1012 1033 1072 quum
1074 992 1254 1055 lorIca
1293 993 1536 1055 indutus
1579 1010 1741 1054 arma
1781 1000 2057 1071 gestaret.
2126 991 2316 1065 Idem,

232 1096 414 1157 quum
447 1088 793 1156 perventum
819 1087 977 1139 esset
1000 1080 1060 1140 in
1086 1079 1317 1151 saltum,
1357 1077 1417 1138 in
1445 1097 1562 1157 quo
1586 1098 1652 1140 se
1677 1078 1917 1140 barbari
1941 1076 2317 1150 abdiderant,

230 1164 487 1225 nobilem
526 1162 707 1225 edidit
734 1182 988 1247 pugnam
1022 1181 1343 1243 regemque
1372 1164 1638 1227 cominus
1666 1182 1795 1225 cum
1821 1164 1997 1225 hoste
2029 1162 2317 1223 dimican-

122 1254 211 1317 38
232 1256 349 1309 tem
382 1248 654 1327 protexit.
722 1250 837 1311 Sed
874 1257 1187 1331 postquam
1213 1248 1448 1310 barbari
1477 1250 1538 1311 in
1565 1250 1760 1328 fugam
1796 1250 1963 1311 effusi
1994 1249 2308 1309 deseruere

230 1334 424 1407 silvaS,
449 1334 701 1408 animuS,
729 1336 903 1414 quiin
924 1337 1135 1397 ardore
1153 1354 1390 1415 pugnae
1411 1354 1627 1415 corpus
1647 1344 2090 1408 sustentaverat,
2115 1332 2313 1412 liquit;

230 1419 540 1499 subitoque
560 1438 631 1481 ex
651 1421 925 1483 omnibus
944 1421 1224 1483 membris
1249 1421 1494 1502 profuso
1519 1422 1738 1483 sudore
1762 1421 1990 1482 arboris
2011 1419 2316 1501 proximae

122 1508 209 1573 39
230 1505 411 1585 stipiti
434 1522 499 1565 se
524 1507 820 1585 applicuit.
865 1507 1087 1567 Deinde
1113 1526 1189 1569 ne
1213 1507 1314 1567 illo
1344 1507 1578 1587 quidem
1605 1507 1958 1568 adminiculo
1983 1506 2312 1567 sustinente

228 1592 499 1653 manibus
538 1592 697 1671 regis
734 1602 1010 1674 exceptus
1046 1601 1153 1666 est,
1197 1592 1354 1653 inter
1385 1610 1529 1671 quas
1571 1593 1865 1673 collapsus
1905 1591 2312 1671 exstinguitur.

121 1680 209 1742 40
230 1678 514 1738 Maestum
550 1694 749 1755 regem
784 1678 929 1741 alius
962 1678 1120 1739 haud
1160 1678 1304 1738 levis
1343 1678 1515 1739 dolor
1557 1678 1799 1758 excepit.
1865 1677 2137 1757 Erigyius
2165 1678 2310 1737 inter

231 1762 419 1823 claros
446 1762 624 1821 duces
652 1764 875 1836 fuerat3
922 1780 1098 1843 quem
1126 1763 1478 1824 exstinctum
1506 1782 1638 1824 esse
1669 1765 1845 1843 paulo
1875 1772 2195 1843 antequam
2221 1780 2309 1823 re-

230 1854 555 1906 verteretur
577 1846 640 1907 in
676 1856 885 1920 castra,
925 1850 1220 1925 cognovit.
1289 1848 1604 1929 Utriusque
1631 1851 1806 1912 funus
1832 1849 1995 1911 omni
2024 1856 2306 1929 apparatu

230 1938 405 2010 atque
431 1930 657 1992 honore
682 1932 1035 1994 celebratum
1062 1942 1173 1994 est.

172 2024 206 2085 1
360 2016 519 2094 Cap.
546 2017 646 2080 111.
692 2018 884 2080 Dahas
912 2019 1122 2082 deinde
1150 2025 1432 2080 statuerat
1455 2028 1686 2098 petere:
1725 2017 1809 2080 ibi
1833 2035 2090 2100 namque
2119 2019 2311 2100 Spita·
2409 2019 2412 2096 ζ

226 2103 464 2163 meacm·
504 2121 637 2164 esse
664 2116 1049 2182 cognoverat.
1119 2105 1238 2166 Sed
1280 2105 1436 2168 hanc
1474 2123 1709 2184 quoque
1747 2104 2208 2184 expeditionem,
2249 2112 2311 2164 ut

223 2185 503 2268 pleraque
528 2189 654 2264 alia,
688 2191 941 2265 fortuna,
978 2190 1341 2270 indulgendo
1380 2190 1433 2252 ei
1458 2209 1758 2270 nunquam
1786 2190 2040 2269 fatigata,
2065 2211 2182 2271 pro
2209 2189 2310 2250 ab·
2404 2235 2409 2268 ;

162 2277 393 2340 2sente
420 2274 719 2355 transegit.
782 2277 1153 2356 Spitamenes
1180 2276 1381 2340 uxoris
1417 2277 1730 2340 immodico
1769 2293 1970 2337 amore
2002 2277 2306 2356 flagrabat,
2402 2269 2410 2604 f

2392 1779 2407 1943 -.u-unns

224 2375 400 2438 quam
434 2377 610 2439 aegre
644 2362 839 2440 fugam
877 2371 936 2424 et
970 2381 1123 2424 nova
1158 2363 1412 2424 subinde
1446 2363 1612 2424 exilia
1645 2363 1994 2424 tolerantem
2029 2363 2094 2423 in
2133 2380 2308 2424 omne

224 2443 537 2506 discrimen
558 2440 827 2509 coinitem
852 2449 1138 2513 trahebat.
1183 2449 1286 2510 illa
1315 2449 1480 2511 malis
1501 2448 1734 2528 fatigata
1759 2448 2080 2510 identidem
2102 2448 2312 2509 mulie-

221 2528 361 2589 bres
388 2531 667 2592 adhibere
692 2533 1021 2608 blanditias,
1058 2543 1122 2596 ut
1147 2535 1388 2596 tandem
1423 2535 1619 2614 sugam
1657 2535 1906 2608 sisteret,
1948 2534 2314 2613 victorisque

222 2613 537 2676 Alexandri
578 2617 943 2680 clementiam
986 2629 1289 2698 expertuS,
1330 2617 1615 2699 placaret,
1667 2638 1842 2699 quem
1885 2621 2148 2698 effugere
2189 2637 2314 2680 non

118 2701 127 2706 “
158 2706 205 2768 3
223 2707 447 2778 posset.
490 2701 640 2762 Tres
666 2703 850 2765 adulti
874 2714 1041 2765 erant
1063 2705 1235 2766 liberi
1257 2723 1328 2765 ex
1351 2723 1422 2768 eo
1449 2707 1654 2784 geniti,
1698 2725 1848 2784 quos
1872 2724 2053 2785 quum
2079 2713 2314 2785 pectori.

223 2784 407 2862 patris
434 2787 810 2860 admovisset,
854 2796 919 2850 ut
950 2790 1156 2851 saltem
1195 2809 1398 2854 eorum
1437 2791 1701 2852 misereri
1730 2791 1918 2865 vellet,
1965 2793 2206 2863 orabat,
2251 2798 2312 2850 et
2401 2843 2403 2856 ς

160 2876 204 2935 4
224 2885 340 2947 quo
365 2871 719 2935 efficaciores
754 2884 958 2937 essent
979 2893 1208 2955 preces,
1241 2877 1398 2938 haud
1425 2879 1632 2958 procul
1657 2886 1783 2939 erat
1806 2878 2158 2938 Alexander.
2206 2875 2316 2936 lile
2401 2885 2403 2898 ²

222 2971 288 3014 se
322 2956 515 3034 prodi,
561 2977 680 3020 non
708 2960 935 3022 moneri
972 2972 1153 3037 ratuS‚
1196 2970 1259 3023 et
1281 2964 1504 3024 formae
1532 2965 1798 3043 profecto
1833 2963 2046 3024 fiducia
2085 2979 2314 3042 cupere
2401 2907 2404 3048 l

223 3057 351 3102 eam
379 3044 803 3122 quamprimum
831 3046 967 3107 dedi
1000 3048 1348 3122 Alexandro,
1391 3049 1684 3111 acinacem
1714 3046 1943 3110 strinxit
1976 3065 2314 3128 percussi»-

161 3132 201 3191 ὅ
219 3143 323 3188 rus
342 3146 605 3204 uxorem,
629 3129 742 3192 nisi
762 3132 1095 3210 prohibitus
1117 3144 1274 3196 esset
1292 3135 1535 3197 fratrum
1560 3135 1684 3197 eius
1707 3153 1980 3198 ocem-su.
2025 3134 2314 3196 Ceterum

220 3211 381 3273 abire
406 3231 437 3272 e
464 3224 781 3295 conspectu
804 3217 984 3291 iubet,
1010 3217 1211 3279 addito
1234 3228 1395 3294 metu
1415 3221 1642 3295 mortiS,
1667 3221 1718 3282 si
1738 3239 1808 3283 se
1830 3220 2022 3284 oculis
2035 3219 2178 3281 eius
2199 3217 2317 3280 ob-
2399 3155 2402 3270 Ι

218 3298 477 3374 tulisset,
524 3310 583 3363 et
608 3301 683 3363 ad
711 3302 1069 3364 desiderium
1092 3299 1410 3367 levandum
1435 3315 1643 3368 noctes
1673 3325 1848 3386 agere
1872 3307 2030 3368 inter
2057 3302 2318 3386 pellices

81 3468 95 3482 ι
158 3383 203 3442 6
222 3385 433 3464 coepit.
478 3387 595 3448 Sed
617 3387 855 3468 penitus
872 3387 1125 3454 haerens
1148 3409 1318 3453 amor
1340 3392 1571 3454 fastidio
1590 3393 1988 3473 praesentium
2006 3407 2326 3454 aecensus

221 3477 327 3565 ept-
380 3471 579 3550 Itaque
604 3492 810 3534 rursus
836 3474 937 3536 uni
970 3475 1024 3537 ei
1050 3477 1284 3538 deditus
1308 3495 1480 3540 orare
1503 3497 1625 3541 non
1653 3479 1890 3551 destitit,
1933 3485 2002 3540 ut
2025 3477 2136 3540 tali
2157 3495 2330 3539 con-
2395 3501 2397 3504 ⁴

218 3553 349 3614 silio
376 3556 695 3622 abstineret
712 3567 1131 3642 patereturque
1156 3571 1396 3640 sortem,
1422 3582 1836 3644 quamcunque
1852 3565 1926 3625 iis
1947 3565 2196 3626 somma
2217 3565 2334 3627 te·-
2364 3505 2398 3882 l
