2417 3900
571 116 748 179 ·LIB.
788 118 882 179 vl.
925 118 1070 195 (lv.)
1113 120 1273 180 CAP.
1315 120 1415 181 XI.
1462 116 1753 180 10—35.
2092 116 2216 178 117

161 233 340 297 filium
374 252 441 295 se
470 234 709 297 salutari
737 234 908 297 iussit
940 253 1064 309 rex,
1099 235 1160 296 id
1197 238 1437 315 indigne
1461 240 1659 300 ferens
1686 237 1801 311 ille,
1840 237 2011 297 Hunc
2042 236 2223 315 igitur

157 338 356 398 regem
389 320 784 400 agnoscimus,
824 316 1032 398 inquit,
1074 320 1173 398 qui
1207 322 1537 401 Philippum
1573 322 1921 401 dedignatur
1948 318 2221 400 patrem?

155 407 360 468 Actum
384 415 475 468 est
497 407 582 467 de'
599 403 792 478 nobis,
827 402 879 465 si
898 404 1012 465 ista
1035 406 1265 484 perpeti
1288 416 1619 485 possumus.
1664 410 1715 470 N
1720 427 1800 469 on
1822 406 2099 469 homines
2120 426 2221 470 so-
2238 400 2329 477 24‘

153 490 292 567 lum,
315 493 425 553 sed
452 490 630 553 etiam
651 489 797 551 deos
823 487 1090 569 despicit,
1118 492 1219 569 qui
1240 494 1499 571 postulat
1515 496 1659 557 deus
1686 493 1868 555 credi.
1911 491 2222 555 Amisimus

150 575 572 647 Alexandrum,
601 573 897 637 amisimus
921 593 1150 654 regem3
1171 576 1485 640 incidimus
1506 578 1567 639 in
1586 578 1938 659 superbiam,
1963 594 2078 637 nec
2095 576 2223 651 diis,

151 664 364 745 quibus
393 680 464 723 se
499 668 802 740 exaequat,
835 679 946 723 nec
975 660 1337 738 hominibuS‚
1372 663 1582 744 quibus
1609 684 1673 725 se
1700 664 1912 739 eximit,
1948 661 2227 723 tolerabi-

148 746 291 811 lem.
351 746 650 809 Nostrone
673 745 960 826 ‚sanguine
991 747 1166 809 deum
1202 748 1489 823 fecimuS‚-
1516 748 1614 828 qui
1648 768 1757 811 nos
1790 742 2095 811 fastidiat?-
2130 745 2231 826 qui
2247 748 2329 810 25

153 842 429 913 gravetur
461 832 790 899 mortalium
828 831 990 894 adire
1029 832 1389 896 concilium?
1446 834 1677 897 Credite
1708 834 1871 909 inihi,
1916 841 1973 895 et
2002 850 2137 906 nos,
2178 831 2231 893 si

153 918 264 981 viri
297 937 521 994 sumus,
563 936 598 979 a
628 918 750 979 diis·
769 918 1196 998 adoptabimur.
1268 922 1408 995 Quis
1449 938 1731 1001 proavum
1768 919 1944 983 huius
1976 918 2231 980 Alexan-
2246 917 2332 997 26

155 1005 344 1077 drum,
369 1004 497 1085 quis
519 1003 733 1068 deinde
757 1002 1120 1080 Archelaum,
1146 1006 1277 1085 quis
1297 1006 1635 1068 Perdiccam
1658 1006 1885 1067 occisos
1902 1004 2065 1067 ultus
2090 999 2227 1065 est?

147 1089 247 1151 hic
272 1089 506 1169 quidem
529 1087 1004 1152 interfectoribus
1031 1093 1211 1169 patris
1238 1092 1495 1176 ignovit..
1516 1089 1675 1156 Ha'ec
1692 1092 2063 1170 Hegelochus
2087 1088 2231 1149 dixit
2247 1087 2333 1149 27

151 1193 332 1255 super
357 1194 634 1237 coenam:
673 1183 732 1237 et
755 1183 996 1255 postero
1025 1177 1120 1235 die
1145 1176 1334 1255 prima
1357 1178 1489 1237 luce
1515 1196 1549 1237 a
1573 1185 1739 1256 patre
1762 1192 2050 1237 accersor.
2094 1173 2231 1233 Tri-

151 1261 258 1323 stis
281 1270 426 1337 erat,
459 1270 518 1323 et
540 1280 638 1321 me
658 1268 946 1321 maestum
973 1259 1234 1320 videbat:
1272 1262 1663 1323 audieramus,
1680 1257 1853 1333 enim,
1892 1276 2041 1337 quae
2066 1257 2241 1335 solli-¹

149 1344 472 1408 citudinem
493 1345 846 1407 incuterent.
889 1346 1092 1422 Itaque
1117 1352 1180 1405 ut
1201 1346 1616 1425 experiremur,
1640 1352 1912 1406 utrumne
1933 1343 2071 1405 vino
2090 1356 2232 1421 ‘gra-
2251 1342 2335 1405 28

143 1440 319 1494 vatus
355 1429 667 1491 effudisset
696 1428 792 1489 illa
824 1445 900 1488 an
938 1428 1142 1488 altiore
1181 1438 1467 1508 concepta
1495 1429 1758 1502 consilio,
1796 1428 2068 1491 accersiri
2098 1446 2235 1489 eum

144 1514 388 1597 placuit.
439 1512 637 1583 Venit,
661 1513 990 1590 eodemque
1011 1531 1285 1573 sermone
1304 1516 1459 1575 ultro
1480 1514 1727 1593 repetito
1748 1513 1975 1589 a‘diecit,
2002 1531 2088 1587 se,
2112 1513 2236 1574 sive

145 1601 512 1663 auderemus
541 1598 723 1659 duces
751 1616 903 1670 esse,
945 1598 1250 1676 proximas
1284 1616 1317 1658 a
1350 1599 1522 1660 nobis
1546 1608 1748 1679 partes
1786 1599 2235 1672 vindicaturum,

147 1687 280 1749 sive
305 1686 547 1747 deesset
573 1682 820 1757 animuS,
857 1682 1169 1744 consilium
1205 1684 1433 1745 silentio
1457 1682 1927 1757 esse'tecturum.
1993 1684 2236 1746 Parme-
2252 1678 2333 1741 29

149 1769 325 1832 nioni
350 1768 479 1829 vivo
513 1769 708 1829 adhuc
740 1768 928 1829 Dareo
966 1768 1375 1848 intempestiva
1412 1788 1509 1831 res
1540 1770 1874 1843 ¹videbatur:
1916 1769 2237 1832 non-enim

146 1854 290 1929 sibi,
315 1854 421 1916 sed
443 1854 622 1928 hosti,
659 1872 790 1915 esse
811 1854 1122 1916 roccisuros
1144 1855 1569 1917 Alexandrum:
1614 1856 1803 1918 Dareo
1834 1874 1975 1918 vero
2002 1855 2233 1918 sublato

144 1940 483 2023 praemium
508 1940 871 2021 regis-occisi
897 1934 1094 2004 Asiam
1135 1949 1192 2002 et
1219 1950 1407 2004 totum
1442 1942 1724 2006 orientem
1758 1941 2234 2005 interfectoribus

144 2045 287 2090 esse
321 2045 574 2088 cessura.
639 2027 1101 2107 Approhatoque
1147 2027 1393 2088 consilio
1425 2028 1484 2088 in
1519 2029 1667 2090 haec
1700 2030 1846 2090 fides
1877 2030 2013 2090 data
2048 2036 2141 2089 est
2178 2033 2237 2086 et

143 2121 411 2192 accepta.
458 2111 631 2184 Quod
649 2112 723 2173 ad
746 2112 1019 2174 Dimnum
1044 2113 1315 2192 pertinet,
1342 2113 1487 2172 nihil
1511 2113 1652 2182 scio,
1680 2121 1739 2173 et
1760 2114 1910 2175 haec
1927 2113 2235 2173 confessus
2254 2119 2339 2181 30

139 2197 412 2274 intelligo
435 2215 560 2258 non
579 2197 868 2275 prodesse
885 2196 1047 2270 mihi,
1071 2196 1230 2275 quod
1252 2215 1497 2274 prorsus
1516 2197 1755 2256 sceleris
1774 2213 1988 2274 expers
2006 2213 2159 2256 sum.

282 2281 374 2342 Illi
403 2299 614 2342 rursus
649 2281 958 2342 tormentis
993 2280 1264 2354 admotiS‚
1304 2296 1483 2358 quum
1513 2280 1628 2364 ipsi
1671 2297 1905 2357 quoque
1943 2277 2131 2338 hastis
2168 2295 2235 2338 os
2256 2286 2337 2348 31

143 2368 486 2446 oculosque
514 2365 640 2426 eius
666 2365 1097 2438 everberarent,
1125 2381 1488 2442 expressere,
1529 2373 1594 2439 ut
1618 2364 1732 2423 hoc
1756 2381 1990 2442 quoque
2017 2361 2237 2423 crimen

146 2471 268 2515 con
277 2453 557 2514 fiteretur.
601 2449 978 2529 Exigentibus
999 2449 1319 2534 deinde‚·ut
1337 2447 1603 2508 ordinem
1626 2447 1858 2526 cogitati
1880 2447 2117 2510 sceleris
2136 2465 2237 2508 ex·
2255 2455 2337 2520 32

143 2545 430 2621 poneret,
460 2555 639 2616 quum
673 2537 773 2598 diu
796 2537 1005 2598 Bactra
1031 2537 1331 2596 retentura
1354 2551 1555 2611 regem
1581 2533 1933 2616 riderentur,
1970 2532 2238 2596 timuisse

146 2622 489 2704 respondit,
516 2641 592 2683 ne
615 2630 781 2701 pater
803 2640 922 2684 Lxx
944 2627 1119 2682 natus
1141 2638 1351 2693 annos,
1387 2619 1530 2680 tanti
1553 2619 1839 2680 exercitus
1867 2621 2001 2693 dux,
2040 2628 2238 2682 tantae

144 2709 448 2790 pecuniae
485 2715 702 2780 custos,
741 2706 975 2770 interim
1009 2705 1474 2784 exstingueretur
1504 2703 1735 2785 ipsique
1772 2705 2017 2785 spoliato
2058 2707 2235 2769 tantis

144 2794 384 2856 viribus
415 2793 722 2854 occidendi
762 2793 920 2872 regis
957 2809 1168 2853 caussa
1201 2809 1324 2852 non
1359 2797 1538 2852 esset.
1605 2791 1938 2853 Festinasse
1976 2811 2113 2871 ergo
2151 2811 2234 2864 se,
2254 2793 2335 2856 33

149 2880 305 2942 dum
341 2879 668 2960 praemium
705 2873 952 2941 haberet
985 2879 1046 2939 in
1083 2877 1377 2950 manibuS,
1422 2886 1869 2956 repraesentare
1912 2878 2234 2950 consilium,
2396 2883 2398 2892 ¹

147 2964 328 3028 cuius
353 2974 579 3045 patrem
621 2963 1010 3045 [participem]
1053 2983 1173 3024 non
1205 2961 1535 3023 fuisse-nisi
1566 2965 1888 3038 crederent,
1928 2973 2235 3033 tormenta,

151 3053 514 3131 quamquam
541 3051 656 3132 iam
685 3053 938 3114 tolerare
978 3069 1100 3112 non
1140 3057 1363 3129 posset,
1408 3055 1600 3111 tamen
1638 3069 1758 3111 non
1798 3068 2088 3111 recusare.
2146 3045 2233 3108 Illi
2252 3043 2338 3107 34
2397 3059 2398 3066 ’

155 3137 486 3216 colloquuti
527 3137 669 3198 satis
707 3137 1036 3217 quaesitum
1070 3133 1271 3209 videri,
1320 3134 1405 3195 ad·
1430 3152 1631 3212 regem
1672 3143 2055 3196 revertuntur.
2120 3129 2235 3202 Qui

149 3230 408 3302 postero
445 3222 538 3283 die
579 3231 638 3282 et
663 3241 813 3300 quae
846 3223 1152 3283 confessus
1193 3226 1317 3288 erat
1352 3215 1610 3281 Philotas
1645 3220 1893 3291 recitari,
1934 3227 1993 3276 et
2020 3216 2231 3295 ipsum,

155 3307 304 3386 quia
336 3307 564 3386 ingredi
593 3325 715 3366 non
738 3314 998 3386 ,poter-at,
1037 3306 1208 3367 iussit
1249 3305 1457 3366 afferri.
1520 3303 1731 3365 Omnia
1770 3308 2125 3381 agnoscente
2163 3316 2232 3358 eo
2252 3295 2333 3359 35

150 3391 517 3463 DemetriuS,
551 3391 649 3469 qui
674 3392 924 3470 proximi
950 3391 1185 3452 sceleris
1211 3389 1505 3470 particeps
1530 3407 1675 3450 esse·
1688 3387 2057 3466 arguebatur,
2093 3402 2238 3463 prof

157 3475 434 3538 ducitur:
463 3478 644 3536 multa
671 3475 1055 3538 affirmatione
1079 3475 1371 3552 animique
1397 3473 1616 3552 pariter
1642 3469 1967 3533 constantia
1991 3477 2051 3529 et
2074 3468 2237 3532 vultu

157 3561 464 3636 abnuens,
489 3560 805 3642 quidquam
822 3559 934 3640 sibi
949 3559 1010 3620 in
1031 3578 1231 3639 regem
1250 3560 1565 3637 cogitatum
1588 3575 1735 3630 esse,
1752 3561 2043 3617 tormenta
2065 3553 2237 3618 otiam
