2417 3900
599 142 743 205 Lm.
785 144 853 203 v.
899 88 1060 220 (ln.)
1104 142 1265 203 car.
1311 140 1465 203 xm.
1512 136 1759 199 1-25,
2082 136 2168 200 91

97 259 209 323 iter
226 257 680 337 ingredientium
709 261 1162 333 exaudiebatur,
1186 260 1293 318 sed
1315 269 1697 339 prospectum
1720 257 2019 319 ademerat
2034 258 2170 339 pul-

97 345 246 407 veris
274 347 485 407 nubes,
521 346 850 425 Paullisper
878 364 1020 423 ergo
1045 341 1297 403 inhibuit
1324 364 1582 419 cursum,
1613 345 1809 405 donec
1832 344 2173 407 consideret

91 430 300 512 pulviS.
367 432 614 512 Iamque
640 430 946 511 conspecti
967 429 1297 491 abarbaris
1322 441 1489 492 erant
1510 442 1567 493 et
1590 428 1933 491 abeuntium
1956 448 2171 507 agmen
2190 434 2274 499 13

94 528 546 597 conspexerant,
582 535 956 597 nequaquam
994 514 1174 577 futuri
1202 533 1400 600 pares,
1438 516 1490 577 si
1520 516 1706 577 Besso
1732 524 1963 579 tantum
1996 514 2176 577 animi

88 604 302 665 fuisset
329 603 405 663 ad
433 604 742 682 proelium,
771 611 1054 683 quantum
1081 602 1156 661 ad
1185 600 1560 680 parricidium
1588 604 1793 663 fueram
1821 602 2092 682 Namque
2117 608 2178 662 et

85 706 340 751 numero
364 688 602 749 barbari
631 690 1006 769 praestabant
1029 696 1087 749 et
1111 688 1366 748 robore:
1404 688 1480 748 ad
1507 688 1851 749 hoc'rel'ecti
1878 704 2012 749 cnm
2044 686 2178 761 fati-

85 774 237 853 gatis
270 782 567 836 certamen
588 776 783 837 inituri
811 784 993 837 erant.
1040 774 1158 835 Sed
1183 792 1405 834 nomen
1426 771 1743 835 Alexandri
1768 776 2021 847 etfama,
2047 791 2175 839 ma·-
2198 782 2283 845 14
2324 785 2328 797 '

83 860 314 921 ximum
348 859 408 921 in
435 860 590 924 bello
619 862 815 943 utique
847 869 1235 935 momentum,
1270 860 1515 941 pavidos
1540 860 1603 921 in
1634 862 1829 938 fugam
1868 858 2173 922 convertit.

217 944 440 1007 Bessus
477 966 613 1009 vero
651 958 710 1009 et
752 949 932 1011 ceteri
964 945 1243 1008 facinoris
1283 947 1409 1009 eius
1450 946 1795 1027 participes,
1840 946 2174 1009 vehiculum
2194 952 2278 1017 15

77 1030 259 1091 Darei
287 1034 613 1111 assequnfi,
645 1042 978 1115 coeperunt
1005 1033 1230 1095 hortari
1272 1052 1439 1108 eum,
1476 1034 1909 1095 conscenderet
1952 1050 2176 1112 equum

80 1124 141 1177 et
177 1134 244 1177 se
275 1117 433 1179 hosti
461 1121 599 1198 fuga
637 1121 910 1199 eriperet.
969 1119 1073 1180 llle
1103 1120 1257 1180 deos
1298 1119 1519 1181 ultores
1564 1121 1778 1179 adesse
1814 1126 2084 1191 testatur,
2119 1124 2177 1177 et
2198 1123 2280 1185 16

78 1202 406 1264 Alexandri
439 1206 618 1265 fidem
657 1206 988 1284 implorans
1027 1214 1223 1283 negat,
1262 1222 1327 1263 se
1358 1204 1680 1283 parricidas
1706 1204 1857 1263 velle
1890 1202 2176 1263 comitari.
2235 1230 2240 1239 ·

79 1288 240 1349 Tum
265 1306 408 1351 vero
443 1292 532 1351 ira
560 1309 796 1370 quoque
822 1290 1062 1351 accensi
1083 1292 1202 1350 tela‘
1226 1289 1491 1350 iniiciunt
1512 1290 1574 1350 in
1601 1306 1827 1365 regem,
1856 1287 2177 1366 multisque

77 1375 436 1437 confossum
466 1375 811 1437 vulneribus
845 1374 1206 1453 relinquunt.
1260 1374 1526 1434 lumenta
1550 1392 1806 1453 quoque,
1842 1392 1919 1433 ne
1944 1372 2177 1452 longius
2199 1376 2281 1439 17

69 1460 368 1540 prosequi
394 1468 664 1540 possent,
689 1461 1208 1532 convulnerantur,
1238 1458 1469 1520 duobus
1494 1459 1699 1531 serviS,
1726 1458 1825 1542 qui
1850 1476 2047 1537 regem
2075 1478 2175 1519 co-
2268 1471 2276 1499 ¹

69 1546 464 1619 mitabantur,
503 1543 733 1605 occisis,
788 1545 918 1607 Hoc
951 1544 1109 1605 edito
1135 1543 1415 1619 facinore,
1451 1555 1515 1606 ut
1536 1544 1777 1623 vestigia
1803 1545 1977 1624 fugae
2006 1562 2177 1623 spar—
2201 1546 2282 1608 18

68 1639 314 1710 gerent,
355 1630 728 1692 Nabarzanes
762 1630 1129 1713 Hyrcaniam,
1161 1630 1388 1691 Bessus
1422 1630 1634 1692 Bactra
1674 1629 1878 1710 paucis
1916 1631 2181 1711 equitum

65 1716 507 1778 comitantibus
541 1717 845 1796 petebant:
881 1716 1119 1779 barbari
1135 1716 1407 1778 -ducibus
1434 1717 1711 1791 destituti,
1743 1736 1858 1797 qua
1884 1735 2179 1798 quemque

56 1810 190 1863 aut
225 1820 368 1881 spes
410 1803 662 1865 ducebat
696 1812 795 1866 aut
829 1822 1040 1884 pavor,
1082 1804 1546 1883 dissipabantur:
1596 1824 1633 1867 n
1672 1813 1901 1866 tantum
1948 1805 2177 1884 equites

63 1898 593 1968 congregaverant
627 1909 712 1966 se,
753 1890 962 1953 incerti
997 1890 1213 1965 adhuc,
1251 1890 1609 1953 resisterene
1647 1891 1856 1954 melius
1900 1899 2060 1953 esset
2099 1908 2176 1952 an

61 1977 310 2052 fugere.
372 1976 706 2039 Alexander
741 1978 1000 2040 hostium
1035 1978 1430 2057 trepidatione
1474 1987 1777 2057 comperta
1820 1975 2179 2039 Nicanorem
2199 1980 2279 2044 19

65 2079 220 2121 cum
257 2058 714 2142 equitum’parte
749 2065 821 2124 ad
848 2063 1237 2124 inhibendam
1274 2065 1470 2140 fugam
1509 2061 1847 2142 praemittit,
1884 2063 2010 2141 ipse
2040 2080 2178 2124 cum

65 2145 296 2206 ceteris
325 2148 611 2225 sequitur.
668 2149 803 2208 Tria
839 2151 1024 2209 ferme
1057 2149 1216 2208 milia
1251 2148 1584 2210 resistentia
1614 2148 1807 2208 occisa
1836 2156 2004 2220 sunt3
2039 2147 2179 2208 reli-

63 2249 268 2312 quum
305 2249 519 2308 agmen
555 2251 724 2292 more
755 2235 1047 2311 pecudum
1083 2234 1366 2293 intactum
1404 2234 1704 2308 agebatur,
1742 2232 1982 2290 iubente
2017 2247 2177 2306 rege,

57 2327 139 2380 ut
169 2315 460 2377 caedibus
483 2316 896 2380 abstineretur.
943 2318 1131 2378 Nemo
1159 2316 1521 2396 captivorum
1554 2324 1695 2388 erat,
1724 2315 1823 2394 qui
1847 2323 2178 2375 monstrare
2198 2325 2281 2386 20

61 2400 266 2466 Darei
292 2401 627 2467 vehiculum
663 2411 896 2482 posset:
935 2402 1167 2478 singuli,
1201 2409 1267 2460 ut
1292 2418 1560 2479 quaeque
1590 2401 1969 2478 prenderent,
2008 2418 2178 2461 scru-

61 2490 386 2562 tabantur,
415 2506 530 2549 nec
563 2496 763 2553 tamen
800 2489 980 2551 ullum
1019 2485 1319 2564 vestigium
1352 2486 1522 2562 fugae
1546 2486 1703 2564 regis
1731 2486 2014 2548 exstabat.
2062 2487 2177 2549 Fe·
2197 2499 2279 2560 21

59 2577 409 2638 sanantem
440 2575 836 2636 Alexandrum
871 2575 963 2635 vix
995 2573 1106 2634 tria
1141 2571 1296 2632 milia
1324 2571 1583 2650 equitum
1617 2583 1979 2652 persequuta
2019 2583 2175 2635 sunt.

59 2663 160 2723 At
183 2661 252 2721 in
277 2679 400 2734 eoa,
437 2661 537 2740 qui
570 2661 784 2722 lentius
819 2659 1238 2740 sequebantur,
1272 2657 1613 2720 incidebant
1643 2659 1915 2720 universa
1947 2660 2175 2738 fugien-

59 2748 238 2808 tium
263 2746 515 2825 agmina.
559 2747 664 2808 Vix
693 2746 973 2808 credibile·
994 2745 1170 2819 dictu,
1193 2747 1390 2824 plures
1418 2745 1644 2825 captivi,
1674 2764 1847 2824 quam
1876 2747 1973 2826 qui
2002 2765 2176 2826 cape-
2197 2753 2279 2814 22

55 2839 246 2907 rent,
277 2842 468 2894 erant:
493 2833 643 2894 adeo
669 2851 904 2894 omnem
936 2851 1176 2893 sensum
1204 2832 1423 2893 territis
1446 2834 1682 2893 fortuna
1712 2832 1945 2912 penitus
1968 2851 2179 2894 excus-
2264 2856 2272 2863 ·

61 2925 272 2990 serat,
307 2927 373 2978 ut
397 2937 511 2979 nec
532 2919 788 2982 hostium
830 2919 1182 3000 paucitatem
1209 2937 1323 2978 nec
1352 2918 1787 2980 multitudinem
1824 2937 1992 2980 suam
2035 2918 2177 2981 satis

59 3011 426 3066 cernerent.
480 3007 721 3067 Interim
759 3003 1036 3076 iumenta,
1075 3023 1225 3084 quae
1261 3005 1512 3066 Dareum
1539 3005 1853 3079 vehebant,
1887 3005 2047 3067 nullo
2080 3023 2170 3065 re·
2196 3005 2279 3066 23

61 3097 273 3168 gente
302 3089 684 3152 decesserant
709 3093 940 3155 militari
965 3092 1072 3163 via,
1103 3099 1162 3152 et
1179 3109 1386 3152 errore
1414 3092 1603 3153 delata
1630 3109 1738 3170 per
1762 3100 2035 3169 quattuor
2058 3099 2178 3149 sta-

55 3174 192 3240 dia
210 3174 274 3234 in
301 3175 549 3253 quadam
570 3179 717 3238 valle
738 3179 1142 3248 constiterant,
1171 3185 1337 3238 aestu
1366 3177 1655 3256 simulque
1676 3178 2017 3238 vulneribus
2046 3171 2177 3232 fati·
2213 3245 2221 3252 .

55 3267 250 3342 gata.
298 3261 466 3322 Haud
491 3265 696 3341 procul
720 3272 842 3326 erat
865 3267 1016 3336 fonS,
1044 3262 1116 3323 ad
1143 3283 1318 3342 quem
1348 3274 1738 3325 monstratum
1766 3279 1798 3320 a
1826 3261 2031 3340 peritis
2061 3258 2179 3316 Po·
2196 3259 2284 3320 24

49 3348 373 3428 lystratus
399 3347 640 3409 Macedo
669 3349 763 3410 siti
799 3357 1124 3409 maceratus
1154 3349 1434 3419 accessit3
1460 3368 1527 3410 ac
1556 3349 1693 3409 dum
1723 3347 1885 3424 galea
1908 3347 2178 3404 haustam

53 3449 314 3511 aquam
349 3432 568 3505 sorbet,
609 3435 719 3495 tela
755 3435 1151 3495 iumentorum
1187 3433 1577 3494 deficientium
1622 3429 1967 3507 corporibus
2002 3425 2179 3483 infixa

59 3514 430 3596 conspexit.
476 3518 835 3598 Miratusque
863 3521 1139 3580 confossa
1163 3518 1360 3598 potius
1388 3536 1561 3594 quam
1590 3514 1791 3575 abacta
1821 3527 1973 3579 esse,
2002 3506 2177 3566 semi-
2196 3505 2286 3563 25

49 3601 218 3669 vivi
241 3602 270 3632 *
293 3602 325 3658 *,
342 3601 374 3634 *
2162 3601 2169 3608 ’
