2417 3900
307 147 385 208 52
740 147 836 210 DE
884 145 1148 207 css'ris
1192 139 1623 205 ALEXANDRI
1666 123 1906 202 MAGNI

243 271 508 350 4pellaS‚
559 267 819 348 speciem
865 267 1146 347 pristinae
1191 267 1463 326 fortunae
1500 263 1755 324 retinere
1801 258 2043 340 pateris.
2100 259 2373 322 ·Vultum

301 366 463 420 tuum
496 355 682 427 video,
721 357 908 433 qualis
937 353 1106 416 Darei
1130 351 1254 426 ruit,
1289 368 1468 432 quum
1500 349 1927 422 dimitteremur
1955 346 2029 406 ab
2060 362 2160 405 eo:
2199 354 2257 407 et
2281 347 2379 408 ille

302 449 498 504 tamen
529 460 790 515 uxorem,
826 452 890 503 tu
918 441 1152 502 hostem
1179 439 1367 516 luges·
1456 437 1577 498 lam
1602 437 1661 496 in
1687 433 1809 495 acie
1837 443 2045 504 stareS,
2090 431 2205 494 nisi
2233 451 2373 494 cura

299 539 356 590 te
395 531 731 607 sepulturae
773 526 898 588 eius
939 534 1290 594 moraretur.
1377 523 1601 604 Ecquid
1638 521 1850 582 mirum
1888 528 1997 587 est,
2047 516 2100 578 si
2142 527 2265 580 tam
2304 521 2376 580 ab

299 616 488 676 amico
520 615 715 675 animo
745 633 948 692 pacem
973 609 1162 693 petit?
1199 610 1338 692 quid
1369 629 1518 689 opus
1544 618 1633 669 est
1662 605 1859 681 armiS‚
1882 605 2039 682 inter
2063 623 2215 683 quos
2246 605 2379 666 odia

243 712 280 768 5
303 702 527 762 sublata
579 698 762 761 sunt?
852 705 1039 760 Antea
1095 697 1345 778 imperio
1406 707 1506 756 tuo
1558 695 1736 772 finem
1794 691 2127 753 destinabat
2172 691 2376 772 Halym

240 797 280 854 6
301 786 944 866 am11e111;quiLydiam
972 784 1265 848 terminat.
1332 781 1519 856 Nunc,
1545 779 1827 861 quidquid
1850 779 2005 840 inter
2026 777 2377 858 Hellespon-

299 881 424 933 tum
453 883 510 932 et
532 872 869 950 Euphraten
907 881 1014 945 est,
1059 871 1121 930 in
1155 871 1355 930 dotem
1388 868 1539 930 filiae
1568 870 1759 939 offert,
1810 884 1984 944 quam
2026 864 2131 924 tihi
2167 864 2377 926 t'radit:

303 958 529 1018 Ochum
557 957 759 1030 filium,
779 1004 791 1018 ,
811 975 985 1034 quem
1011 957 1217 1030 habes,
1266 953 1426 1034 pacis
1454 966 1514 1015 et
1539 953 1675 1014 fidei
1701 952 1969 1013 obsidem
1995 950 2200 1022 retine,
2252 969 2378 1010 ma-

300 1051 452 1104 trem
493 1052 552 1102 et
593 1044 738 1103 duas
776 1042 1028 1121 virgines
1063 1043 1213 1104 filias
1239 1041 1453 1116 redde;
1504 1058 1616 1120 pro
1649 1039 1839 1101 tribus
1880 1035 2228 1116 corporibus
2272 1036 2379 1096 tri-

243 1136 282 1197 7
303 1130 461 1208 ginta
487 1128 644 1194 milia
669 1129 951 1190 talentum
975 1129 1099 1190 auri
1125 1136 1401 1208 precatur
1423 1124 1693 1206 accipias.
1760 1123 1885 1186 Nisi
1910 1121 2381 1184 moderationem

303 1215 481 1276 animi
510 1214 590 1275 tui
628 1225 828 1275 notam
853 1215 1155 1289 haberem,
1205 1232 1328 1277 non
1359 1213 1615 1274 dicerem
1651 1213 1769 1272 hoc
1794 1229 1927 1272 esse
1953 1217 2195 1288 tempuS,
2251 1219 2406 1296 quo}

303 1320 508 1382 pacem
537 1321 656 1362 non
684 1301 826 1362 dare
852 1302 1064 1376 solum,
1090 1301 1196 1361 sed
1226 1301 1397 1360 etiam
1426 1317 1717 1378 occupare
1740 1297 2014 1358 deheres,
2098 1293 2380 1372 Respice,
2404 1303 2406 1322 ff

239 1393 280 1452 8
301 1396 580 1467 quantum
607 1395 744 1467 post
770 1395 829 1447 te
855 1388 1190 1466 reliqueris:
1217 1387 1468 1459 intuere,
1497 1395 1777 1466 quantum
1802 1393 1992 1463 petaS.
2078 1379 2379 1441 Periculo-
2405 1389 2406 1470 ζ

215 1481 219 1483 ’
303 1493 434 1535 sum
461 1483 553 1534 est
581 1492 898 1552 praegrave
925 1474 1267 1554 imperium:
1308 1471 1543 1532 difficile
1571 1479 1663 1532 est
1687 1469 1842 1532 enim
1866 1467 2189 1541 continere,
2220 1465 2375 1546 quod
2405 1521 2406 1550 ÷

304 1579 514 1640 capere
541 1579 658 1620 non
681 1560 901 1640 possiS.
961 1561 1235 1632 Videsne,
1261 1566 1325 1619 ut
1348 1557 1595 1636 navigia,
1622 1575 1773 1637 quae
1798 1555 2039 1616 modum
2068 1553 2375 1625 excedunt,

241 1649 279 1708 9
303 1645 428 1722 regi
466 1642 807 1723 nequeant?
896 1646 1130 1720 Nescio,
1179 1663 1255 1708 an
1280 1645 1505 1706 Dareus
1539 1644 1673 1704 ideo
1717 1651 1831 1706 tam
1877 1642 2058 1702 multa
2083 1638 2375 1711 amiserit,

303 1731 437 1810 quia
469 1731 680 1790 nimiae
709 1749 855 1808 opes
887 1749 1134 1809 magnae
1172 1732 1433 1790 iacturae
1464 1731 1659 1792 locum
1686 1728 1923 1792 faciunt.
2010 1725 2269 1787 Facilius
2295 1732 2375 1786 est

305 1816 593 1894 quaedam
619 1816 848 1876 vincere
877 1835 1052 1896 quam
1078 1817 1245 1878 tueri.
1312 1817 1498 1888 Quam
1530 1816 1772 1878 hercule
1812 1813 2140 1893 expeditius
2168 1829 2373 1872 manus

303 1911 543 1963 nostrae
570 1903 822 1981 rapiunt,
875 1921 1050 1982 quam
1075 1900 1409 1964 continent!
1478 1901 1617 1983 Ipsa
1657 1919 1821 1963 mors
1850 1899 2050 1983 uxoris
2075 1898 2251 1961 Darei
2276 1897 2374 1959 ad-

303 2006 549 2048 monere
575 1998 632 2049 te
665 1997 881 2067 potest,
925 1989 1122 2051 minus
1159 1988 1281 2050 iam
1316 1988 1758 2051 misericordiae
1792 1995 1930 2049 tuae
1958 1986 2156 2061 licere,
2206 2002 2377 2066 quam

310 2074 490 2135 licuit.

213 2164 284 2223 10
431 2158 761 2221 Alexander
779 2158 984 2237 legatis
1007 2158 1293 2219 excedere
1315 2158 1696 2220 tabernaculo
1716 2158 1912 2232 iussis,
1942 2156 2084 2239 quid
2104 2153 2376 2235 placeret,

306 2246 376 2306 ad
411 2246 718 2308 consilium
745 2248 940 2307 refert.
1010 2245 1123 2320 Diu
1152 2264 1351 2317 nemo,
1384 2245 1525 2325 quid
1550 2245 1813 2321 sentiret,
1840 2263 2021 2324 ausus
2051 2250 2145 2305 est
2170 2241 2377 2313 dicere,

207 2335 276 2395 ll
306 2334 526 2394 incerta
552 2332 705 2411 regis
733 2332 1046 2393 voluntate.
1135 2331 1403 2392 Tandem
1431 2330 1761 2405 Parmenio,
1814 2338 1948 2396 ante
1973 2329 2258 2402 suasisse,
2292 2328 2379 2394 ait.

309 2429 370 2477 ut
395 2418 655 2498 captivos
684 2418 840 2495 apud
868 2419 1218 2478 Damascum
1256 2416 1687 2478 redimentibus
1716 2417 2033 2478 redderet:
2080 2415 2381 2493 ingentem

307 2505 613 2580 pecuniam
651 2503 916 2581 potuisse
943 2504 1130 2581 redigi
1165 2522 1237 2563 ex
1271 2502 1383 2577 his,
1433 2504 1533 2583 qui
1560 2502 1727 2564 multi
1754 2502 1929 2563 vincti
1963 2502 2224 2562 virorum
2261 2502 2383 2560 sor-

179 2592 283 2678 ,12
311 2588 448 2647 tium
477 2598 832 2666 occuparent
856 2598 1089 2650 manus.
1156 2590 1231 2649 Et
1256 2608 1415 2651 nunc
1436 2598 1797 2669 magnopere
1826 2606 2087 2661 censere,
2116 2594 2181 2648 ut
2206 2602 2383 2647 unam

307 2692 481 2734 anum
513 2683 570 2734 et
593 2676 740 2735 duas
767 2675 1006 2751 puellas,
1047 2674 1321 2736 itinerum
1350 2675 1767 2753 agminumque
1792 2674 2237 2754 impedimenta,
2285 2672 2383 2733 tri-

208 2762 285 2821 13
309 2760 464 2834 ginta
491 2760 721 2821 milibus
759 2760 1038 2821 talentum
1072 2761 1198 2821 auri
1236 2771 1547 2841 permutet.
1634 2760 1909 2841 Opimum
1931 2778 2182 2839 regnum
2209 2778 2383 2821 occu-

313 2864 451 2921 pare
492 2866 666 2923 posse
703 2847 1056 2919 conditione,
1105 2865 1228 2907 non
1266 2848 1443 2920 hello,
1494 2866 1605 2908 nec
1634 2865 1987 2927 quemquam
2025 2845 2205 2907 alium
2233 2846 2384 2906 inter

309 2932 518 2992 lstrum
545 2944 604 2992 et
629 2934 964 3010 Euphraten
997 2933 1338 3013 possedisse
1362 2943 1549 2994 terras
1577 2932 1799 3012 ingenti
1825 2932 2015 3012 spatio
2044 2932 2382 3009 intervallo-

309 3037 421 3093 que
463 3018 766 3079 discretas,
856 3020 1260 3081 Macedoniam
1300 3038 1536 3099 quoque
1570 3020 1892 3099 respiceret
1929 3018 2160 3099 potiuS‚
2214 3036 2384 3099 quam

210 3104 284 3161 14
309 3104 512 3164 Bactra
555 3114 606 3163 et
653 3106 828 3166 lndos
866 3106 1208 3169 intueretur.
1298 3107 1533 3185 Ingrata
1568 3106 1752 3166 oratio
1786 3105 1911 3184 regi
1946 3104 2073 3166 tuit.
2158 3103 2382 3185 Itaque,

309 3202 370 3250 ut.
399 3194 568 3249 linem
609 3192 840 3253 dicendi
871 3194 1020 3267 fecit,
1067 3194 1137 3254 Et
1164 3212 1293 3271 ego,
1338 3191 1545 3271 inqu-it,
1593 3192 1903 3270 pecuniam
1936 3209 2112 3271 quam
2141 3182 2406 3269 gloriam¹

309 3278 560 3349 mallem,
609 3278 657 3337 si
701 3280 1004 3340 Parmenio
1045 3298 1260 3339 essem.
1348 3278 1517 3339 Nunc
1557 3279 1888 3338 Alexander
1925 3278 2002 3339 de
2037 3286 2385 3357 paupertate

308 3384 549 3424 securus
575 3384 723 3434 sum,
777 3376 835 3427 et
862 3384 955 3426 me
984 3384 1100 3427 non
1141 3372 1525 3424 mercatorem
1557 3365 1796 3425 memini
1822 3383 1971 3438 esse,
2024 3364 2132 3425 sed
2157 3383 2406 3444 regem„

269 3448 283 3455 ”
312 3450 463 3509 Nihil
511 3452 742 3531 quidem
787 3453 976 3513 habeo
1020 3451 1244 3522 venale,
1289 3452 1394 3511 sed
1440 3452 1733 3511 fortunam
1778 3468 1966 3512 meam
2014 3450 2223 3529 utique
2268 3470 2406 3515 non}

376 3536 523 3597 ndo.
586 3538 856 3615 Captivos
883 3538 930 3597 si
957 3538 1146 3617 placet
1173 3536 1363 3610 reddi,
1386 3536 1693 3600 honestius
1720 3538 1879 3604 dono
1906 3538 2177 3599 dabimus
2206 3556 2389 3623 quam

407 3621 500 3679 >tio
525 3623 908 3685 remittemus
995 3621 1354 3685 Introductis
1380 3625 1593 3686 deinde
1614 3624 1821 3703 legatis
1846 3626 1921 3686 ad
1951 3624 2111 3685 hunc
2134 3620 2406 3687 modum'
