<?xml version="1.0" encoding="UTF-8"?>
<!DOCTYPE html PUBLIC "-//W3C//DTD XHTML 1.0 Transitional//EN"
    "http://www.w3.org/TR/xhtml1/DTD/xhtml1-transitional.dtd">
<html xmlns="http://www.w3.org/1999/xhtml" xml:lang="en" lang="en">
 <head>
  <title>
</title>
<meta http-equiv="Content-Type" content="text/html;charset=utf-8" />
  <meta name='ocr-system' content='tesseract 3.04.00' />
  <meta name='ocr-capabilities' content='ocr_page ocr_carea ocr_par ocr_line ocrx_word'/>
</head>
<body>
  <div class='ocr_page' id='page_1' title='image "./qcurtiirufidege00kochgoog_0031.png"; bbox 0 0 2417 3900; ppageno 0'>
   <div class='ocr_carea' id='block_1_1' title="bbox 0 2663 8 2758">
    <p class='ocr_par' dir='ltr' id='par_1_1' title="bbox 0 2663 8 2758">
     <span class='ocr_line' id='line_1_1' title="bbox 0 2663 8 2758; baseline 0 -92"><span class='ocrx_word' id='word_1_1' title='bbox 0 2663 8 2758; x_wconf 41' lang='grc' dir='ltr'><strong>ἐ</strong></span> 
     </span>
    </p>
   </div>
   <div class='ocr_carea' id='block_1_2' title="bbox 4 2883 16 2916">
    <p class='ocr_par' dir='ltr' id='par_1_2' title="bbox 4 2883 16 2916">
     <span class='ocr_line' id='line_1_2' title="bbox 4 2883 16 2916; baseline 0 -19"><span class='ocrx_word' id='word_1_2' title='bbox 4 2883 16 2916; x_wconf 56' lang='grc' dir='ltr'><strong><em>Γ</em></strong></span> 
     </span>
    </p>
   </div>
   <div class='ocr_carea' id='block_1_3' title="bbox 209 0 1847 110">
    <p class='ocr_par' dir='ltr' id='par_1_3' title="bbox 209 0 1847 110">
     <span class='ocr_line' id='line_1_3' title="bbox 209 0 1847 110; baseline 0 -1"><span class='ocrx_word' id='word_1_3' title='bbox 209 47 298 110; x_wconf 80' lang='lat'><strong>24</strong></span> <span class='ocrx_word' id='word_1_4' title='bbox 565 47 582 52; x_wconf 70' lang='grc'><strong><em>’</em></strong></span> <span class='ocrx_word' id='word_1_5' title='bbox 669 0 764 109; x_wconf 75' lang='lat' dir='ltr'><strong>on</strong></span> <span class='ocrx_word' id='word_1_6' title='bbox 809 48 1072 110; x_wconf 75' lang='lat' dir='ltr'><strong>cnsrls</strong></span> <span class='ocrx_word' id='word_1_7' title='bbox 1123 46 1556 110; x_wconf 77' lang='lat' dir='ltr'><strong>ALEXANonl</strong></span> <span class='ocrx_word' id='word_1_8' title='bbox 1604 43 1847 109; x_wconf 78' lang='lat' dir='ltr'><strong>MAGNI</strong></span> 
     </span>
    </p>
   </div>
   <div class='ocr_carea' id='block_1_4' title="bbox 146 165 2307 1710">
    <p class='ocr_par' dir='ltr' id='par_1_4' title="bbox 146 165 2307 1710">
     <span class='ocr_line' id='line_1_4' title="bbox 215 165 2307 248; baseline -0.001 -18"><span class='ocrx_word' id='word_1_9' title='bbox 215 167 488 230; x_wconf 90' lang='lat' dir='ltr'><strong>dubitare</strong></span> <span class='ocrx_word' id='word_1_10' title='bbox 519 185 672 242; x_wconf 89' lang='lat' dir='ltr'><strong>eum,</strong></span> <span class='ocrx_word' id='word_1_11' title='bbox 709 167 849 248; x_wconf 89' lang='lat' dir='ltr'><strong>quin</strong></span> <span class='ocrx_word' id='word_1_12' title='bbox 878 185 1112 230; x_wconf 89' lang='lat' dir='ltr'><strong>omnem</strong></span> <span class='ocrx_word' id='word_1_13' title='bbox 1137 167 1359 244; x_wconf 86' lang='lat' dir='ltr'><strong>regiam</strong></span> <span class='ocrx_word' id='word_1_14' title='bbox 1394 165 1816 246; x_wconf 88' lang='lat' dir='ltr'><strong>supellectilem</strong></span> <span class='ocrx_word' id='word_1_15' title='bbox 1854 181 1985 224; x_wconf 88' lang='lat' dir='ltr'><strong>cum</strong></span> <span class='ocrx_word' id='word_1_16' title='bbox 2027 165 2307 242; x_wconf 83' lang='lat' dir='ltr'><strong>pecunia</strong></span> 
     </span>
     <span class='ocr_line' id='line_1_5' title="bbox 146 249 2306 330; baseline 0 -14"><span class='ocrx_word' id='word_1_17' title='bbox 146 253 492 326; x_wconf 83' lang='lat' dir='ltr'><strong>3traderet‚</strong></span> <span class='ocrx_word' id='word_1_18' title='bbox 541 253 768 316; x_wconf 90' lang='lat' dir='ltr'><strong>adiecit.</strong></span> <span class='ocrx_word' id='word_1_19' title='bbox 813 252 1148 326; x_wconf 89' lang='lat' dir='ltr'><strong>Parmenio,</strong></span> <span class='ocrx_word' id='word_1_20' title='bbox 1198 254 1487 315; x_wconf 86' lang='lat' dir='ltr'><strong>asservari</strong></span> <span class='ocrx_word' id='word_1_21' title='bbox 1516 272 1585 314; x_wconf 89' lang='lat' dir='ltr'><strong>eo</strong></span> <span class='ocrx_word' id='word_1_22' title='bbox 1616 251 1800 326; x_wconf 79' lang='lat' dir='ltr'><strong>iuSSO‚</strong></span> <span class='ocrx_word' id='word_1_23' title='bbox 1846 249 2043 311; x_wconf 86' lang='lat' dir='ltr'><strong>literas</strong></span> <span class='ocrx_word' id='word_1_24' title='bbox 2072 252 2306 330; x_wconf 81' lang='lat' dir='ltr'><strong>aperit,</strong></span> 
     </span>
     <span class='ocr_line' id='line_1_6' title="bbox 209 335 2307 421; baseline -0.002 -19"><span class='ocrx_word' id='word_1_25' title='bbox 209 341 276 402; x_wconf 91' lang='lat' dir='ltr'><strong>in</strong></span> <span class='ocrx_word' id='word_1_26' title='bbox 305 343 435 418; x_wconf 83' lang='lat' dir='ltr'><strong>quis</strong></span> <span class='ocrx_word' id='word_1_27' title='bbox 456 349 580 400; x_wconf 91' lang='lat' dir='ltr'><strong>erat</strong></span> <span class='ocrx_word' id='word_1_28' title='bbox 599 340 908 421; x_wconf 90' lang='lat' dir='ltr'><strong>scriptum,</strong></span> <span class='ocrx_word' id='word_1_29' title='bbox 957 349 1023 401; x_wconf 91' lang='lat' dir='ltr'><strong>ut</strong></span> <span class='ocrx_word' id='word_1_30' title='bbox 1045 347 1273 400; x_wconf 89' lang='lat' dir='ltr'><strong>mature</strong></span> <span class='ocrx_word' id='word_1_31' title='bbox 1294 339 1625 402; x_wconf 82' lang='lat' dir='ltr'>Alexander</span> <span class='ocrx_word' id='word_1_32' title='bbox 1654 337 1906 415; x_wconf 81' lang='lat' dir='ltr'><strong>aliquem</strong></span> <span class='ocrx_word' id='word_1_33' title='bbox 1934 335 2307 400; x_wconf 59' lang='lat' dir='ltr'><strong>ex‘ducibus</strong></span> 
     </span>
     <span class='ocr_line' id='line_1_7' title="bbox 212 423 2306 504; baseline -0.002 -16"><span class='ocrx_word' id='word_1_34' title='bbox 212 425 338 488; x_wconf 90' lang='lat' dir='ltr'><strong>suis</strong></span> <span class='ocrx_word' id='word_1_35' title='bbox 359 425 617 487; x_wconf 88' lang='lat' dir='ltr'><strong>mitteret</strong></span> <span class='ocrx_word' id='word_1_36' title='bbox 643 445 772 487; x_wconf 91' lang='lat' dir='ltr'><strong>cum</strong></span> <span class='ocrx_word' id='word_1_37' title='bbox 789 444 980 498; x_wconf 16' lang='lat' dir='ltr'><strong>‘manu</strong></span> <span class='ocrx_word' id='word_1_38' title='bbox 999 425 1223 502; x_wconf 84' lang='lat' dir='ltr'><strong>exigua.</strong></span> <span class='ocrx_word' id='word_1_39' title='bbox 1268 425 1470 504; x_wconf 89' lang='lat' dir='ltr'><strong>Itaque</strong></span> <span class='ocrx_word' id='word_1_40' title='bbox 1490 443 1559 486; x_wconf 90' lang='lat' dir='ltr'><strong>re</strong></span> <span class='ocrx_word' id='word_1_41' title='bbox 1584 424 1815 503; x_wconf 86' lang='lat' dir='ltr'><strong>cognita</strong></span> <span class='ocrx_word' id='word_1_42' title='bbox 1834 423 2105 484; x_wconf 86' lang='lat' dir='ltr'><strong>Mardum</strong></span> <span class='ocrx_word' id='word_1_43' title='bbox 2134 423 2306 484; x_wconf 88' lang='lat' dir='ltr'><strong>datis</strong></span> 
     </span>
     <span class='ocr_line' id='line_1_8' title="bbox 211 505 2307 592; baseline 0 -18"><span class='ocrx_word' id='word_1_44' title='bbox 211 510 523 574; x_wconf 77' lang='lat' dir='ltr'><strong>comitibus</strong></span> <span class='ocrx_word' id='word_1_45' title='bbox 547 513 620 573; x_wconf 92' lang='lat' dir='ltr'><strong>ad</strong></span> <span class='ocrx_word' id='word_1_46' title='bbox 645 505 1008 592; x_wconf 83' lang='lat' dir='ltr'><strong>proditorem</strong></span> <span class='ocrx_word' id='word_1_47' title='bbox 1036 510 1295 574; x_wconf 76' lang='lat' dir='ltr'><strong>remittit.</strong></span> <span class='ocrx_word' id='word_1_48' title='bbox 1343 512 1447 573; x_wconf 88' lang='lat' dir='ltr'><strong>Ille</strong></span> <span class='ocrx_word' id='word_1_49' title='bbox 1474 530 1506 571; x_wconf 91' lang='lat' dir='ltr'><strong>e</strong></span> <span class='ocrx_word' id='word_1_50' title='bbox 1532 510 1801 572; x_wconf 90' lang='lat' dir='ltr'><strong>manibus</strong></span> <span class='ocrx_word' id='word_1_51' title='bbox 1828 509 2307 574; x_wconf 83' lang='lat' dir='ltr'>custodientium</span> 
     </span>
     <span class='ocr_line' id='line_1_9' title="bbox 149 595 2304 678; baseline -0.001 -19"><span class='ocrx_word' id='word_1_52' title='bbox 149 597 412 678; x_wconf 58' lang='lat' dir='ltr'><strong>Alapsus</strong></span> <span class='ocrx_word' id='word_1_53' title='bbox 449 598 798 660; x_wconf 83' lang='lat' dir='ltr'>Damascum</span> <span class='ocrx_word' id='word_1_54' title='bbox 818 606 954 658; x_wconf 89' lang='lat' dir='ltr'><strong>ante</strong></span> <span class='ocrx_word' id='word_1_55' title='bbox 979 598 1168 659; x_wconf 89' lang='lat' dir='ltr'><strong>lucem</strong></span> <span class='ocrx_word' id='word_1_56' title='bbox 1187 597 1383 659; x_wconf 82' lang='lat' dir='ltr'><strong>intrat.</strong></span> <span class='ocrx_word' id='word_1_57' title='bbox 1430 597 1791 660; x_wconf 83' lang='lat' dir='ltr'><strong>Turbaverat</strong></span> <span class='ocrx_word' id='word_1_58' title='bbox 1818 614 1883 656; x_wconf 88' lang='lat' dir='ltr'><strong>ca</strong></span> <span class='ocrx_word' id='word_1_59' title='bbox 1911 613 2010 656; x_wconf 85' lang='lat' dir='ltr'><strong>res</strong></span> <span class='ocrx_word' id='word_1_60' title='bbox 2036 595 2304 666; x_wconf 88' lang='lat' dir='ltr'><strong>Parme-</strong></span> 
     </span>
     <span class='ocr_line' id='line_1_10' title="bbox 209 681 2304 764; baseline -0.002 -18"><span class='ocrx_word' id='word_1_61' title='bbox 209 684 408 746; x_wconf 79' lang='lat' dir='ltr'><strong>nionis</strong></span> <span class='ocrx_word' id='word_1_62' title='bbox 435 683 693 746; x_wconf 91' lang='lat' dir='ltr'><strong>animum</strong></span> <span class='ocrx_word' id='word_1_63' title='bbox 714 683 954 745; x_wconf 86' lang='lat' dir='ltr'><strong>insidias</strong></span> <span class='ocrx_word' id='word_1_64' title='bbox 985 683 1260 756; x_wconf 81' lang='lat' dir='ltr'><strong>timentiS‚</strong></span> <span class='ocrx_word' id='word_1_65' title='bbox 1313 693 1369 752; x_wconf 88' lang='lat' dir='ltr'><strong>et</strong></span> <span class='ocrx_word' id='word_1_66' title='bbox 1388 683 1651 762; x_wconf 85' lang='lat' dir='ltr'><strong>ignotum</strong></span> <span class='ocrx_word' id='word_1_67' title='bbox 1688 682 1804 743; x_wconf 89' lang='lat' dir='ltr'><strong>iter</strong></span> <span class='ocrx_word' id='word_1_68' title='bbox 1830 681 1959 742; x_wconf 89' lang='lat' dir='ltr'><strong>sine</strong></span> <span class='ocrx_word' id='word_1_69' title='bbox 1986 682 2140 743; x_wconf 92' lang='lat' dir='ltr'><strong>duce</strong></span> <span class='ocrx_word' id='word_1_70' title='bbox 2163 701 2304 764; x_wconf 44' lang='lat' dir='ltr'><strong>n-on</strong></span> 
     </span>
     <span class='ocr_line' id='line_1_11' title="bbox 211 767 2303 849; baseline 0 -20"><span class='ocrx_word' id='word_1_71' title='bbox 211 770 465 831; x_wconf 87' lang='lat' dir='ltr'><strong>audebat</strong></span> <span class='ocrx_word' id='word_1_72' title='bbox 487 769 743 848; x_wconf 83' lang='lat' dir='ltr'><strong>ingredi:</strong></span> <span class='ocrx_word' id='word_1_73' title='bbox 789 769 1048 833; x_wconf 82' lang='lat' dir='ltr'><strong>felicitati</strong></span> <span class='ocrx_word' id='word_1_74' title='bbox 1080 779 1275 832; x_wconf 89' lang='lat' dir='ltr'><strong>tamen</strong></span> <span class='ocrx_word' id='word_1_75' title='bbox 1295 771 1451 849; x_wconf 79' lang='lat' dir='ltr'><strong>regis</strong></span> <span class='ocrx_word' id='word_1_76' title='bbox 1474 769 1571 837; x_wconf 84' lang='lat' dir='ltr'><strong>sui</strong></span> <span class='ocrx_word' id='word_1_77' title='bbox 1596 769 2157 846; x_wconf 78' lang='lat' dir='ltr'><strong>confisusagrestes,</strong></span> <span class='ocrx_word' id='word_1_78' title='bbox 2188 767 2303 846; x_wconf 90' lang='lat' dir='ltr'><strong>qui</strong></span> 
     </span>
     <span class='ocr_line' id='line_1_12' title="bbox 214 851 2303 934; baseline -0.002 -16"><span class='ocrx_word' id='word_1_79' title='bbox 214 855 397 918; x_wconf 87' lang='lat' dir='ltr'><strong>duces</strong></span> <span class='ocrx_word' id='word_1_80' title='bbox 442 855 667 918; x_wconf 89' lang='lat' dir='ltr'><strong>itineris</strong></span> <span class='ocrx_word' id='word_1_81' title='bbox 717 864 932 931; x_wconf 84' lang='lat' dir='ltr'><strong>essent,</strong></span> <span class='ocrx_word' id='word_1_82' title='bbox 981 853 1168 934; x_wconf 82' lang='lat' dir='ltr'><strong>excipi</strong></span> <span class='ocrx_word' id='word_1_83' title='bbox 1211 855 1397 920; x_wconf 88' lang='lat' dir='ltr'><strong>iussit.</strong></span> <span class='ocrx_word' id='word_1_84' title='bbox 1469 855 1694 929; x_wconf 84' lang='lat' dir='ltr'><strong>Quibus</strong></span> <span class='ocrx_word' id='word_1_85' title='bbox 1734 851 2000 916; x_wconf 81' lang='lat' dir='ltr'><strong>celeriter</strong></span> <span class='ocrx_word' id='word_1_86' title='bbox 2034 853 2303 933; x_wconf 81' lang='lat' dir='ltr'><strong>repertis</strong></span> 
     </span>
     <span class='ocr_line' id='line_1_13' title="bbox 215 939 2304 1024; baseline -0 -23"><span class='ocrx_word' id='word_1_87' title='bbox 215 950 422 1024; x_wconf 87' lang='lat' dir='ltr'><strong>quarto</strong></span> <span class='ocrx_word' id='word_1_88' title='bbox 456 941 550 1000; x_wconf 93' lang='lat' dir='ltr'><strong>die</strong></span> <span class='ocrx_word' id='word_1_89' title='bbox 571 943 644 1002; x_wconf 92' lang='lat' dir='ltr'><strong>ad</strong></span> <span class='ocrx_word' id='word_1_90' title='bbox 671 943 877 1004; x_wconf 90' lang='lat' dir='ltr'><strong>urbem</strong></span> <span class='ocrx_word' id='word_1_91' title='bbox 908 941 1192 1022; x_wconf 73' lang='lat' dir='ltr'><strong>pervenit,</strong></span> <span class='ocrx_word' id='word_1_92' title='bbox 1245 943 1361 1003; x_wconf 91' lang='lat' dir='ltr'><strong>iam</strong></span> <span class='ocrx_word' id='word_1_93' title='bbox 1384 950 1680 1004; x_wconf 88' lang='lat' dir='ltr'><strong>metuente</strong></span> <span class='ocrx_word' id='word_1_94' title='bbox 1704 941 2021 1020; x_wconf 86' lang='lat' dir='ltr'><strong>praefecto,</strong></span> <span class='ocrx_word' id='word_1_95' title='bbox 2074 957 2151 1000; x_wconf 91' lang='lat' dir='ltr'><strong>ne</strong></span> <span class='ocrx_word' id='word_1_96' title='bbox 2176 939 2304 1002; x_wconf 87' lang='lat' dir='ltr'><strong>sibi</strong></span> 
     </span>
     <span class='ocr_line' id='line_1_14' title="bbox 155 1025 2303 1108; baseline 0 -20"><span class='ocrx_word' id='word_1_97' title='bbox 155 1025 363 1088; x_wconf 69' lang='lat' dir='ltr'><strong>fifides</strong></span> <span class='ocrx_word' id='word_1_98' title='bbox 397 1027 595 1087; x_wconf 86' lang='lat' dir='ltr'><strong>habita</strong></span> <span class='ocrx_word' id='word_1_99' title='bbox 625 1047 746 1088; x_wconf 86' lang='lat' dir='ltr'><strong>non</strong></span> <span class='ocrx_word' id='word_1_100' title='bbox 781 1037 955 1088; x_wconf 90' lang='lat' dir='ltr'><strong>esset.</strong></span> <span class='ocrx_word' id='word_1_101' title='bbox 1003 1027 1187 1106; x_wconf 78' lang='lat' dir='ltr'><strong>Igitur</strong></span> <span class='ocrx_word' id='word_1_102' title='bbox 1225 1029 1391 1106; x_wconf 83' lang='lat' dir='ltr'><strong>quasi</strong></span> <span class='ocrx_word' id='word_1_103' title='bbox 1429 1045 1638 1108; x_wconf 90' lang='lat' dir='ltr'><strong>parum</strong></span> <span class='ocrx_word' id='word_1_104' title='bbox 1668 1027 2047 1089; x_wconf 84' lang='lat' dir='ltr'><strong>munimentis</strong></span> <span class='ocrx_word' id='word_1_105' title='bbox 2082 1025 2303 1105; x_wconf 85' lang='lat' dir='ltr'><strong>oppidi</strong></span> 
     </span>
     <span class='ocr_line' id='line_1_15' title="bbox 213 1113 2297 1194; baseline 0 -21"><span class='ocrx_word' id='word_1_106' title='bbox 213 1113 408 1173; x_wconf 85' lang='lat' dir='ltr'><strong>fidens</strong></span> <span class='ocrx_word' id='word_1_107' title='bbox 432 1123 567 1173; x_wconf 90' lang='lat' dir='ltr'><strong>ante</strong></span> <span class='ocrx_word' id='word_1_108' title='bbox 586 1114 739 1174; x_wconf 84' lang='lat' dir='ltr'><strong>solis</strong></span> <span class='ocrx_word' id='word_1_109' title='bbox 765 1123 960 1175; x_wconf 89' lang='lat' dir='ltr'><strong>ortum</strong></span> <span class='ocrx_word' id='word_1_110' title='bbox 987 1114 1297 1194; x_wconf 90' lang='lat' dir='ltr'><strong>pecuniam</strong></span> <span class='ocrx_word' id='word_1_111' title='bbox 1322 1114 1565 1192; x_wconf 85' lang='lat' dir='ltr'><strong>regiam,</strong></span> <span class='ocrx_word' id='word_1_112' title='bbox 1594 1131 1796 1192; x_wconf 87' lang='lat' dir='ltr'><strong>gazam</strong></span> <span class='ocrx_word' id='word_1_113' title='bbox 1814 1114 2031 1174; x_wconf 85' lang='lat' dir='ltr'><strong>Persae</strong></span> <span class='ocrx_word' id='word_1_114' title='bbox 2052 1119 2297 1185; x_wconf 85' lang='lat' dir='ltr'><strong>vocant,</strong></span> 
     </span>
     <span class='ocr_line' id='line_1_16' title="bbox 217 1199 2295 1279; baseline -0.001 -19"><span class='ocrx_word' id='word_1_115' title='bbox 217 1217 352 1260; x_wconf 90' lang='lat' dir='ltr'><strong>cum</strong></span> <span class='ocrx_word' id='word_1_116' title='bbox 393 1199 837 1279; x_wconf 84' lang='lat' dir='ltr'><strong>pretiosissimis</strong></span> <span class='ocrx_word' id='word_1_117' title='bbox 874 1217 1072 1262; x_wconf 86' lang='lat' dir='ltr'><strong>rerum</strong></span> <span class='ocrx_word' id='word_1_118' title='bbox 1117 1201 1309 1262; x_wconf 87' lang='lat' dir='ltr'><strong>efferri</strong></span> <span class='ocrx_word' id='word_1_119' title='bbox 1352 1201 1545 1274; x_wconf 87' lang='lat' dir='ltr'><strong>iubet,</strong></span> <span class='ocrx_word' id='word_1_120' title='bbox 1604 1201 1800 1278; x_wconf 83' lang='lat' dir='ltr'><strong>fugam</strong></span> <span class='ocrx_word' id='word_1_121' title='bbox 1849 1199 2168 1279; x_wconf 67' lang='lat' dir='ltr'><strong>simulam,</strong></span> <span class='ocrx_word' id='word_1_122' title='bbox 2222 1215 2295 1258; x_wconf 90' lang='lat' dir='ltr'><strong>re</strong></span> 
     </span>
     <span class='ocr_line' id='line_1_17' title="bbox 157 1283 2299 1364; baseline 0 -20"><span class='ocrx_word' id='word_1_123' title='bbox 157 1293 196 1352; x_wconf 80' lang='lat'>6</span> <span class='ocrx_word' id='word_1_124' title='bbox 218 1301 374 1358; x_wconf 76' lang='lat' dir='ltr'><strong>vera,</strong></span> <span class='ocrx_word' id='word_1_125' title='bbox 421 1293 486 1345; x_wconf 91' lang='lat' dir='ltr'><strong>ut</strong></span> <span class='ocrx_word' id='word_1_126' title='bbox 521 1285 802 1364; x_wconf 85' lang='lat' dir='ltr'><strong>praedam</strong></span> <span class='ocrx_word' id='word_1_127' title='bbox 829 1285 986 1348; x_wconf 88' lang='lat' dir='ltr'><strong>hosti</strong></span> <span class='ocrx_word' id='word_1_128' title='bbox 1016 1287 1273 1348; x_wconf 78' lang='lat' dir='ltr'><strong>offerret.</strong></span> <span class='ocrx_word' id='word_1_129' title='bbox 1342 1287 1523 1354; x_wconf 85' lang='lat' dir='ltr'><strong>Multa</strong></span> <span class='ocrx_word' id='word_1_130' title='bbox 1548 1284 1705 1350; x_wconf 87' lang='lat' dir='ltr'><strong>milia</strong></span> <span class='ocrx_word' id='word_1_131' title='bbox 1742 1283 2003 1351; x_wconf 81' lang='lat' dir='ltr'><strong>virorum</strong></span> <span class='ocrx_word' id='word_1_132' title='bbox 2040 1283 2299 1347; x_wconf 80' lang='lat' dir='ltr'><strong>femina-</strong></span> 
     </span>
     <span class='ocr_line' id='line_1_18' title="bbox 215 1369 2299 1454; baseline 0 -22"><span class='ocrx_word' id='word_1_133' title='bbox 215 1389 467 1452; x_wconf 90' lang='lat' dir='ltr'><strong>rumque</strong></span> <span class='ocrx_word' id='word_1_134' title='bbox 494 1372 874 1433; x_wconf 88' lang='lat' dir='ltr'><strong>excedentem</strong></span> <span class='ocrx_word' id='word_1_135' title='bbox 900 1372 1120 1452; x_wconf 85' lang='lat' dir='ltr'><strong>oppido</strong></span> <span class='ocrx_word' id='word_1_136' title='bbox 1156 1374 1581 1454; x_wconf 84' lang='lat' dir='ltr'><strong>sequebantur:</strong></span> <span class='ocrx_word' id='word_1_137' title='bbox 1630 1370 1904 1446; x_wconf 84' lang='lat' dir='ltr'><strong>omnibus</strong></span> <span class='ocrx_word' id='word_1_138' title='bbox 1936 1369 2299 1434; x_wconf 83' lang='lat' dir='ltr'><strong>miserabilis</strong></span> 
     </span>
     <span class='ocr_line' id='line_1_19' title="bbox 214 1456 2298 1536; baseline 0.001 -20"><span class='ocrx_word' id='word_1_139' title='bbox 214 1457 408 1528; x_wconf 84' lang='lat' dir='ltr'><strong>turba,</strong></span> <span class='ocrx_word' id='word_1_140' title='bbox 453 1465 689 1536; x_wconf 87' lang='lat' dir='ltr'><strong>praeter</strong></span> <span class='ocrx_word' id='word_1_141' title='bbox 723 1476 876 1532; x_wconf 91' lang='lat' dir='ltr'><strong>eum,</strong></span> <span class='ocrx_word' id='word_1_142' title='bbox 926 1458 1089 1519; x_wconf 90' lang='lat' dir='ltr'><strong>cuius</strong></span> <span class='ocrx_word' id='word_1_143' title='bbox 1121 1459 1261 1520; x_wconf 88' lang='lat' dir='ltr'><strong>fidei</strong></span> <span class='ocrx_word' id='word_1_144' title='bbox 1302 1459 1613 1522; x_wconf 85' lang='lat' dir='ltr'><strong>commissa</strong></span> <span class='ocrx_word' id='word_1_145' title='bbox 1651 1459 1855 1519; x_wconf 82' lang='lat' dir='ltr'><strong>suerat.</strong></span> <span class='ocrx_word' id='word_1_146' title='bbox 1900 1456 2135 1536; x_wconf 84' lang='lat' dir='ltr'><strong>Quippe</strong></span> <span class='ocrx_word' id='word_1_147' title='bbox 2174 1475 2298 1536; x_wconf 90' lang='lat' dir='ltr'><strong>quo</strong></span> 
     </span>
     <span class='ocr_line' id='line_1_20' title="bbox 215 1542 2297 1623; baseline 0.001 -21"><span class='ocrx_word' id='word_1_148' title='bbox 215 1543 412 1603; x_wconf 88' lang='lat' dir='ltr'><strong>maior</strong></span> <span class='ocrx_word' id='word_1_149' title='bbox 437 1543 791 1622; x_wconf 88' lang='lat' dir='ltr'><strong>proditionis</strong></span> <span class='ocrx_word' id='word_1_150' title='bbox 827 1562 1053 1606; x_wconf 86' lang='lat' dir='ltr'><strong>merces</strong></span> <span class='ocrx_word' id='word_1_151' title='bbox 1082 1545 1252 1616; x_wconf 82' lang='lat' dir='ltr'><strong>soret,</strong></span> <span class='ocrx_word' id='word_1_152' title='bbox 1304 1545 1561 1606; x_wconf 89' lang='lat' dir='ltr'><strong>obiicere</strong></span> <span class='ocrx_word' id='word_1_153' title='bbox 1596 1543 1755 1605; x_wconf 87' lang='lat' dir='ltr'><strong>hosti</strong></span> <span class='ocrx_word' id='word_1_154' title='bbox 1791 1542 2039 1623; x_wconf 85' lang='lat' dir='ltr'><strong>parabat</strong></span> <span class='ocrx_word' id='word_1_155' title='bbox 2066 1543 2297 1621; x_wconf 81' lang='lat' dir='ltr'><strong>gratio-</strong></span> 
     </span>
     <span class='ocr_line' id='line_1_21' title="bbox 217 1629 2303 1710; baseline 0.001 -22"><span class='ocrx_word' id='word_1_156' title='bbox 217 1647 343 1690; x_wconf 89' lang='lat' dir='ltr'><strong>rem</strong></span> <span class='ocrx_word' id='word_1_157' title='bbox 367 1630 530 1690; x_wconf 89' lang='lat' dir='ltr'><strong>omni</strong></span> <span class='ocrx_word' id='word_1_158' title='bbox 555 1629 802 1707; x_wconf 89' lang='lat' dir='ltr'><strong>pecunia</strong></span> <span class='ocrx_word' id='word_1_159' title='bbox 827 1631 1125 1709; x_wconf 87' lang='lat' dir='ltr'><strong>praedam,</strong></span> <span class='ocrx_word' id='word_1_160' title='bbox 1155 1630 1383 1692; x_wconf 88' lang='lat' dir='ltr'><strong>nobiles</strong></span> <span class='ocrx_word' id='word_1_161' title='bbox 1404 1631 1585 1703; x_wconf 81' lang='lat' dir='ltr'><strong>viroS,</strong></span> <span class='ocrx_word' id='word_1_162' title='bbox 1604 1638 1944 1710; x_wconf 86' lang='lat' dir='ltr'><strong>praetorum</strong></span> <span class='ocrx_word' id='word_1_163' title='bbox 1956 1629 2128 1693; x_wconf 72' lang='lat' dir='ltr'><strong>Darei</strong></span> <span class='ocrx_word' id='word_1_164' title='bbox 2148 1647 2303 1692; x_wconf 83' lang='lat' dir='ltr'><strong>con-</strong></span> 
     </span>
    </p>
   </div>
   <div class='ocr_carea' id='block_1_5' title="bbox 217 1713 2416 1794">
    <p class='ocr_par' dir='ltr' id='par_1_5' title="bbox 217 1713 2416 1794">
     <span class='ocr_line' id='line_1_22' title="bbox 217 1713 2416 1794; baseline 0.001 -21"><span class='ocrx_word' id='word_1_165' title='bbox 217 1713 386 1792; x_wconf 88' lang='lat' dir='ltr'><strong>iuges</strong></span> <span class='ocrx_word' id='word_1_166' title='bbox 413 1714 770 1793; x_wconf 81' lang='lat' dir='ltr'><strong>liberosque,</strong></span> <span class='ocrx_word' id='word_1_167' title='bbox 817 1723 1051 1793; x_wconf 91' lang='lat' dir='ltr'><strong>praeter</strong></span> <span class='ocrx_word' id='word_1_168' title='bbox 1075 1715 1187 1774; x_wconf 90' lang='lat' dir='ltr'><strong>hos</strong></span> <span class='ocrx_word' id='word_1_169' title='bbox 1218 1715 1450 1779; x_wconf 86' lang='lat' dir='ltr'><strong>urbium</strong></span> <span class='ocrx_word' id='word_1_170' title='bbox 1490 1716 1843 1778; x_wconf 85' lang='lat' dir='ltr'><strong>Graecarum</strong></span> <span class='ocrx_word' id='word_1_171' title='bbox 1873 1715 2114 1793; x_wconf 83' lang='lat' dir='ltr'><strong>legatos,</strong></span> <span class='ocrx_word' id='word_1_172' title='bbox 2144 1733 2301 1794; x_wconf 87' lang='lat' dir='ltr'><strong>quos</strong></span> <span class='ocrx_word' id='word_1_173' title='bbox 2405 1722 2416 1735; x_wconf 82' lang='lat'><strong><em>¹</em></strong></span> 
     </span>
    </p>
   </div>
   <div class='ocr_carea' id='block_1_6' title="bbox 129 1799 2299 3086">
    <p class='ocr_par' dir='ltr' id='par_1_6' title="bbox 129 1799 2299 3086">
     <span class='ocr_line' id='line_1_23' title="bbox 219 1799 2298 1884; baseline 0 -24"><span class='ocrx_word' id='word_1_174' title='bbox 219 1799 444 1860; x_wconf 72' lang='lat' dir='ltr'><strong>Dareus</strong></span> <span class='ocrx_word' id='word_1_175' title='bbox 485 1801 642 1861; x_wconf 89' lang='lat' dir='ltr'><strong>velut</strong></span> <span class='ocrx_word' id='word_1_176' title='bbox 681 1801 743 1860; x_wconf 91' lang='lat' dir='ltr'><strong>in</strong></span> <span class='ocrx_word' id='word_1_177' title='bbox 781 1819 914 1861; x_wconf 86' lang='lat' dir='ltr'><strong>arce</strong></span> <span class='ocrx_word' id='word_1_178' title='bbox 949 1800 1237 1862; x_wconf 88' lang='lat' dir='ltr'><strong>tutissima</strong></span> <span class='ocrx_word' id='word_1_179' title='bbox 1282 1801 1343 1862; x_wconf 90' lang='lat' dir='ltr'><strong>in</strong></span> <span class='ocrx_word' id='word_1_180' title='bbox 1384 1801 1706 1884; x_wconf 81' lang='lat' dir='ltr'><strong>proditoris</strong></span> <span class='ocrx_word' id='word_1_181' title='bbox 1744 1799 2063 1880; x_wconf 85' lang='lat' dir='ltr'><strong>reliquerat</strong></span> <span class='ocrx_word' id='word_1_182' title='bbox 2102 1800 2298 1864; x_wconf 81' lang='lat' dir='ltr'><strong>mani-</strong></span> 
     </span>
     <span class='ocr_line' id='line_1_24' title="bbox 161 1884 2299 1967; baseline 0.001 -22"><span class='ocrx_word' id='word_1_183' title='bbox 161 1885 356 1951; x_wconf 79' lang='lat' dir='ltr'><strong>7bus,</strong></span> <span class='ocrx_word' id='word_1_184' title='bbox 443 1884 752 1964; x_wconf 75' lang='lat' dir='ltr'><strong>Gaugabas</strong></span> <span class='ocrx_word' id='word_1_185' title='bbox 791 1887 1010 1949; x_wconf 87' lang='lat' dir='ltr'><strong>Persae</strong></span> <span class='ocrx_word' id='word_1_186' title='bbox 1052 1895 1265 1947; x_wconf 88' lang='lat' dir='ltr'><strong>vocant</strong></span> <span class='ocrx_word' id='word_1_187' title='bbox 1312 1888 1575 1950; x_wconf 88' lang='lat' dir='ltr'><strong>humeris</strong></span> <span class='ocrx_word' id='word_1_188' title='bbox 1626 1904 1807 1949; x_wconf 90' lang='lat' dir='ltr'><strong>onera</strong></span> <span class='ocrx_word' id='word_1_189' title='bbox 1847 1894 2185 1967; x_wconf 79' lang='lat' dir='ltr'><strong>portantes:</strong></span> <span class='ocrx_word' id='word_1_190' title='bbox 2232 1885 2299 1949; x_wconf 87' lang='lat' dir='ltr'><strong>hi</strong></span> 
     </span>
     <span class='ocr_line' id='line_1_25' title="bbox 225 1972 2298 2055; baseline 0.002 -24"><span class='ocrx_word' id='word_1_191' title='bbox 225 1990 406 2050; x_wconf 85' lang='lat' dir='ltr'><strong>quum</strong></span> <span class='ocrx_word' id='word_1_192' title='bbox 446 1972 698 2033; x_wconf 88' lang='lat' dir='ltr'><strong>tolerare</strong></span> <span class='ocrx_word' id='word_1_193' title='bbox 733 1992 854 2033; x_wconf 91' lang='lat' dir='ltr'><strong>non</strong></span> <span class='ocrx_word' id='word_1_194' title='bbox 896 1982 1162 2051; x_wconf 87' lang='lat' dir='ltr'><strong>possent,</strong></span> <span class='ocrx_word' id='word_1_195' title='bbox 1210 1973 1430 2055; x_wconf 82' lang='lat' dir='ltr'><strong>quippe</strong></span> <span class='ocrx_word' id='word_1_196' title='bbox 1476 1985 1534 2036; x_wconf 90' lang='lat' dir='ltr'><strong>et</strong></span> <span class='ocrx_word' id='word_1_197' title='bbox 1573 1974 1829 2053; x_wconf 89' lang='lat' dir='ltr'><strong>procella</strong></span> <span class='ocrx_word' id='word_1_198' title='bbox 1869 1974 2061 2035; x_wconf 88' lang='lat' dir='ltr'><strong>subito</strong></span> <span class='ocrx_word' id='word_1_199' title='bbox 2101 1973 2298 2035; x_wconf 85' lang='lat' dir='ltr'><strong>nivem</strong></span> 
     </span>
     <span class='ocr_line' id='line_1_26' title="bbox 224 2057 2297 2138; baseline 0.001 -22"><span class='ocrx_word' id='word_1_200' title='bbox 224 2057 516 2117; x_wconf 80' lang='lat' dir='ltr'><strong>effuderat</strong></span> <span class='ocrx_word' id='word_1_201' title='bbox 562 2069 620 2117; x_wconf 90' lang='lat' dir='ltr'><strong>et</strong></span> <span class='ocrx_word' id='word_1_202' title='bbox 660 2057 878 2120; x_wconf 93' lang='lat' dir='ltr'><strong>humus</strong></span> <span class='ocrx_word' id='word_1_203' title='bbox 915 2058 1143 2137; x_wconf 82' lang='lat' dir='ltr'><strong>rigebat</strong></span> <span class='ocrx_word' id='word_1_204' title='bbox 1177 2060 1339 2137; x_wconf 87' lang='lat' dir='ltr'><strong>gelu,</strong></span> <span class='ocrx_word' id='word_1_205' title='bbox 1388 2070 1516 2126; x_wconf 87' lang='lat' dir='ltr'><strong>tum</strong></span> <span class='ocrx_word' id='word_1_206' title='bbox 1564 2061 1835 2123; x_wconf 89' lang='lat' dir='ltr'><strong>astrictas</strong></span> <span class='ocrx_word' id='word_1_207' title='bbox 1871 2068 2095 2132; x_wconf 75' lang='lat' dir='ltr'><strong>vesteS,</strong></span> <span class='ocrx_word' id='word_1_208' title='bbox 2148 2077 2297 2138; x_wconf 89' lang='lat' dir='ltr'><strong>quas</strong></span> 
     </span>
     <span class='ocr_line' id='line_1_27' title="bbox 226 2144 2297 2227; baseline 0.001 -24"><span class='ocrx_word' id='word_1_209' title='bbox 226 2160 357 2203; x_wconf 89' lang='lat' dir='ltr'><strong>cum</strong></span> <span class='ocrx_word' id='word_1_210' title='bbox 405 2144 653 2225; x_wconf 88' lang='lat' dir='ltr'><strong>pecunia</strong></span> <span class='ocrx_word' id='word_1_211' title='bbox 705 2146 1046 2222; x_wconf 89' lang='lat' dir='ltr'><strong>portabant,</strong></span> <span class='ocrx_word' id='word_1_212' title='bbox 1094 2163 1238 2208; x_wconf 90' lang='lat' dir='ltr'><strong>auro</strong></span> <span class='ocrx_word' id='word_1_213' title='bbox 1285 2158 1345 2207; x_wconf 88' lang='lat' dir='ltr'><strong>et</strong></span> <span class='ocrx_word' id='word_1_214' title='bbox 1384 2165 1643 2227; x_wconf 89' lang='lat' dir='ltr'><strong>purpura</strong></span> <span class='ocrx_word' id='word_1_215' title='bbox 1684 2146 1980 2225; x_wconf 82' lang='lat' dir='ltr'><strong>insignes,</strong></span> <span class='ocrx_word' id='word_1_216' title='bbox 2026 2144 2297 2216; x_wconf 87' lang='lat' dir='ltr'><strong>induunt,</strong></span> 
     </span>
     <span class='ocr_line' id='line_1_28' title="bbox 223 2229 2297 2311; baseline 0.001 -22"><span class='ocrx_word' id='word_1_217' title='bbox 223 2229 386 2294; x_wconf 86' lang='lat' dir='ltr'><strong>nullo</strong></span> <span class='ocrx_word' id='word_1_218' title='bbox 419 2230 735 2308; x_wconf 89' lang='lat' dir='ltr'><strong>prohibere</strong></span> <span class='ocrx_word' id='word_1_219' title='bbox 771 2250 936 2305; x_wconf 88' lang='lat' dir='ltr'><strong>auso,</strong></span> <span class='ocrx_word' id='word_1_220' title='bbox 985 2250 1166 2311; x_wconf 88' lang='lat' dir='ltr'><strong>quum</strong></span> <span class='ocrx_word' id='word_1_221' title='bbox 1198 2233 1433 2296; x_wconf 80' lang='lat' dir='ltr'><strong>fortuna</strong></span> <span class='ocrx_word' id='word_1_222' title='bbox 1460 2233 1619 2311; x_wconf 87' lang='lat' dir='ltr'><strong>regis</strong></span> <span class='ocrx_word' id='word_1_223' title='bbox 1654 2232 1828 2295; x_wconf 88' lang='lat' dir='ltr'><strong>etiam</strong></span> <span class='ocrx_word' id='word_1_224' title='bbox 1864 2230 2199 2295; x_wconf 87' lang='lat' dir='ltr'><strong>humillimis</strong></span> <span class='ocrx_word' id='word_1_225' title='bbox 2230 2231 2297 2293; x_wconf 84' lang='lat' dir='ltr'><strong>in</strong></span> 
     </span>
     <span class='ocr_line' id='line_1_29' title="bbox 165 2314 2296 2397; baseline 0.001 -23"><span class='ocrx_word' id='word_1_226' title='bbox 165 2323 207 2383; x_wconf 87' lang='lat'><strong>8</strong></span> <span class='ocrx_word' id='word_1_227' title='bbox 224 2314 421 2393; x_wconf 87' lang='lat' dir='ltr'><strong>ipsum</strong></span> <span class='ocrx_word' id='word_1_228' title='bbox 445 2316 740 2380; x_wconf 88' lang='lat' dir='ltr'><strong>licentiam</strong></span> <span class='ocrx_word' id='word_1_229' title='bbox 767 2318 1000 2381; x_wconf 79' lang='lat' dir='ltr'><strong>faceret.</strong></span> <span class='ocrx_word' id='word_1_230' title='bbox 1045 2315 1383 2381; x_wconf 88' lang='lat' dir='ltr'><strong>Praebuere</strong></span> <span class='ocrx_word' id='word_1_231' title='bbox 1410 2338 1549 2397; x_wconf 86' lang='lat' dir='ltr'><strong>ergo</strong></span> <span class='ocrx_word' id='word_1_232' title='bbox 1575 2316 1951 2381; x_wconf 68' lang='lat' dir='ltr'><strong>Parmenioni</strong></span> <span class='ocrx_word' id='word_1_233' title='bbox 1972 2332 2296 2396; x_wconf 65' lang='lat' dir='ltr'><strong>winsper-</strong></span> 
     </span>
     <span class='ocr_line' id='line_1_30' title="bbox 224 2402 2295 2483; baseline 0.001 -22"><span class='ocrx_word' id='word_1_234' title='bbox 224 2402 410 2462; x_wconf 87' lang='lat' dir='ltr'><strong>nendi</strong></span> <span class='ocrx_word' id='word_1_235' title='bbox 428 2402 675 2480; x_wconf 89' lang='lat' dir='ltr'><strong>agminis</strong></span> <span class='ocrx_word' id='word_1_236' title='bbox 699 2404 977 2483; x_wconf 88' lang='lat' dir='ltr'><strong>speciem,</strong></span> <span class='ocrx_word' id='word_1_237' title='bbox 1005 2404 1105 2482; x_wconf 90' lang='lat' dir='ltr'><strong>qui</strong></span> <span class='ocrx_word' id='word_1_238' title='bbox 1129 2404 1443 2467; x_wconf 86' lang='lat' dir='ltr'><strong>intentiore</strong></span> <span class='ocrx_word' id='word_1_239' title='bbox 1471 2424 1610 2467; x_wconf 88' lang='lat' dir='ltr'><strong>cura</strong></span> <span class='ocrx_word' id='word_1_240' title='bbox 1630 2422 1770 2467; x_wconf 85' lang='lat' dir='ltr'><strong>suos</strong></span> <span class='ocrx_word' id='word_1_241' title='bbox 1792 2403 1959 2483; x_wconf 87' lang='lat' dir='ltr'><strong>quasi</strong></span> <span class='ocrx_word' id='word_1_242' title='bbox 1974 2404 2051 2465; x_wconf 89' lang='lat' dir='ltr'><strong>ad</strong></span> <span class='ocrx_word' id='word_1_243' title='bbox 2074 2403 2295 2465; x_wconf 83' lang='lat' dir='ltr'><strong>iustum</strong></span> 
     </span>
     <span class='ocr_line' id='line_1_31' title="bbox 226 2488 2295 2571; baseline 0.003 -27"><span class='ocrx_word' id='word_1_244' title='bbox 226 2488 515 2566; x_wconf 90' lang='lat' dir='ltr'><strong>proelium</strong></span> <span class='ocrx_word' id='word_1_245' title='bbox 539 2489 742 2569; x_wconf 90' lang='lat' dir='ltr'><strong>paucis</strong></span> <span class='ocrx_word' id='word_1_246' title='bbox 768 2490 1110 2551; x_wconf 86' lang='lat' dir='ltr'><strong>adhortatus</strong></span> <span class='ocrx_word' id='word_1_247' title='bbox 1138 2491 1303 2571; x_wconf 86' lang='lat' dir='ltr'><strong>equis</strong></span> <span class='ocrx_word' id='word_1_248' title='bbox 1330 2491 1571 2555; x_wconf 86' lang='lat' dir='ltr'><strong>calcaria</strong></span> <span class='ocrx_word' id='word_1_249' title='bbox 1596 2490 1763 2556; x_wconf 78' lang='lat' dir='ltr'><strong>iubet</strong></span> <span class='ocrx_word' id='word_1_250' title='bbox 1796 2489 2055 2555; x_wconf 85' lang='lat' dir='ltr'><strong>subdere</strong></span> <span class='ocrx_word' id='word_1_251' title='bbox 2088 2497 2147 2549; x_wconf 85' lang='lat' dir='ltr'><strong>et</strong></span> <span class='ocrx_word' id='word_1_252' title='bbox 2178 2488 2295 2551; x_wconf 82' lang='lat' dir='ltr'><strong>acri</strong></span> 
     </span>
     <span class='ocr_line' id='line_1_32' title="bbox 167 2572 2291 2656; baseline -0.001 -19"><span class='ocrx_word' id='word_1_253' title='bbox 167 2578 207 2637; x_wconf 78' lang='lat'>9</span> <span class='ocrx_word' id='word_1_254' title='bbox 225 2572 452 2653; x_wconf 87' lang='lat' dir='ltr'><strong>impetu</strong></span> <span class='ocrx_word' id='word_1_255' title='bbox 481 2572 538 2634; x_wconf 90' lang='lat' dir='ltr'><strong>in</strong></span> <span class='ocrx_word' id='word_1_256' title='bbox 559 2572 789 2635; x_wconf 78' lang='lat' dir='ltr'><strong>hostem</strong></span> <span class='ocrx_word' id='word_1_257' title='bbox 820 2576 1002 2637; x_wconf 89' lang='lat' dir='ltr'><strong>evehi.</strong></span> <span class='ocrx_word' id='word_1_258' title='bbox 1047 2578 1120 2636; x_wconf 87' lang='lat' dir='ltr'><strong>At</strong></span> <span class='ocrx_word' id='word_1_259' title='bbox 1143 2576 1241 2648; x_wconf 92' lang='lat' dir='ltr'><strong>illi,</strong></span> <span class='ocrx_word' id='word_1_260' title='bbox 1283 2576 1383 2656; x_wconf 90' lang='lat' dir='ltr'><strong>qui</strong></span> <span class='ocrx_word' id='word_1_261' title='bbox 1400 2577 1513 2639; x_wconf 87' lang='lat' dir='ltr'><strong>sub</strong></span> <span class='ocrx_word' id='word_1_262' title='bbox 1540 2576 1821 2639; x_wconf 82' lang='lat' dir='ltr'><strong>oneribus</strong></span> <span class='ocrx_word' id='word_1_263' title='bbox 1852 2585 2038 2649; x_wconf 88' lang='lat' dir='ltr'><strong>erant,</strong></span> <span class='ocrx_word' id='word_1_264' title='bbox 2063 2573 2291 2637; x_wconf 88' lang='lat' dir='ltr'><strong>omissis</strong></span> 
     </span>
     <span class='ocr_line' id='line_1_33' title="bbox 230 2657 2295 2741; baseline 0.001 -23"><span class='ocrx_word' id='word_1_265' title='bbox 230 2657 382 2735; x_wconf 88' lang='lat' dir='ltr'><strong>[illis]</strong></span> <span class='ocrx_word' id='word_1_266' title='bbox 437 2678 546 2739; x_wconf 88' lang='lat' dir='ltr'><strong>per</strong></span> <span class='ocrx_word' id='word_1_267' title='bbox 583 2670 802 2721; x_wconf 89' lang='lat' dir='ltr'><strong>metum</strong></span> <span class='ocrx_word' id='word_1_268' title='bbox 850 2670 1168 2739; x_wconf 90' lang='lat' dir='ltr'><strong>capessunt</strong></span> <span class='ocrx_word' id='word_1_269' title='bbox 1218 2664 1443 2741; x_wconf 80' lang='lat' dir='ltr'><strong>fugam:</strong></span> <span class='ocrx_word' id='word_1_270' title='bbox 1495 2659 1701 2725; x_wconf 81' lang='lat' dir='ltr'><strong>armati</strong></span> <span class='ocrx_word' id='word_1_271' title='bbox 1748 2680 2011 2741; x_wconf 86' lang='lat' dir='ltr'><strong>quoque,</strong></span> <span class='ocrx_word' id='word_1_272' title='bbox 2065 2660 2162 2740; x_wconf 87' lang='lat' dir='ltr'><strong>qui</strong></span> <span class='ocrx_word' id='word_1_273' title='bbox 2190 2678 2295 2721; x_wconf 86' lang='lat' dir='ltr'><strong>eos</strong></span> 
     </span>
     <span class='ocr_line' id='line_1_34' title="bbox 228 2746 2293 2825; baseline 0.002 -21"><span class='ocrx_word' id='word_1_274' title='bbox 228 2746 754 2825; x_wconf 80' lang='lat' dir='ltr'><strong>prosequebantur,</strong></span> <span class='ocrx_word' id='word_1_275' title='bbox 811 2749 1020 2808; x_wconf 90' lang='lat' dir='ltr'><strong>eodem</strong></span> <span class='ocrx_word' id='word_1_276' title='bbox 1055 2755 1218 2809; x_wconf 90' lang='lat' dir='ltr'><strong>metu</strong></span> <span class='ocrx_word' id='word_1_277' title='bbox 1254 2767 1414 2811; x_wconf 87' lang='lat' dir='ltr'><strong>arma</strong></span> <span class='ocrx_word' id='word_1_278' title='bbox 1452 2749 1669 2811; x_wconf 85' lang='lat' dir='ltr'><strong>iactare</strong></span> <span class='ocrx_word' id='word_1_279' title='bbox 1696 2767 1764 2809; x_wconf 89' lang='lat' dir='ltr'><strong>ac</strong></span> <span class='ocrx_word' id='word_1_280' title='bbox 1796 2756 1936 2809; x_wconf 89' lang='lat' dir='ltr'><strong>nota</strong></span> <span class='ocrx_word' id='word_1_281' title='bbox 1962 2746 2293 2809; x_wconf 84' lang='lat' dir='ltr'><strong>diverticula</strong></span> 
     </span>
     <span class='ocr_line' id='line_1_35' title="bbox 129 2832 2291 2915; baseline 0.002 -26"><span class='ocrx_word' id='word_1_282' title='bbox 129 2832 211 2899; x_wconf 85' lang='lat'><strong>10</strong></span> <span class='ocrx_word' id='word_1_283' title='bbox 233 2838 435 2909; x_wconf 90' lang='lat' dir='ltr'><strong>petere</strong></span> <span class='ocrx_word' id='word_1_284' title='bbox 465 2840 807 2913; x_wconf 90' lang='lat' dir='ltr'><strong>coeperunt.</strong></span> <span class='ocrx_word' id='word_1_285' title='bbox 843 2833 1185 2895; x_wconf 87' lang='lat' dir='ltr'><strong>Praefectus</strong></span> <span class='ocrx_word' id='word_1_286' title='bbox 1207 2834 1377 2913; x_wconf 88' lang='lat' dir='ltr'><strong>quasi</strong></span> <span class='ocrx_word' id='word_1_287' title='bbox 1401 2835 1616 2915; x_wconf 88' lang='lat' dir='ltr'><strong>etipse</strong></span> <span class='ocrx_word' id='word_1_288' title='bbox 1639 2834 1991 2897; x_wconf 83' lang='lat' dir='ltr'><strong>conterritus</strong></span> <span class='ocrx_word' id='word_1_289' title='bbox 2019 2832 2291 2900; x_wconf 81' lang='lat' dir='ltr'><strong>simulans</strong></span> 
     </span>
     <span class='ocr_line' id='line_1_36' title="bbox 232 2919 2291 3001; baseline 0 -24"><span class='ocrx_word' id='word_1_290' title='bbox 232 2926 441 2978; x_wconf 91' lang='lat' dir='ltr'><strong>cuncta</strong></span> <span class='ocrx_word' id='word_1_291' title='bbox 489 2938 705 2998; x_wconf 85' lang='lat' dir='ltr'><strong>pavore</strong></span> <span class='ocrx_word' id='word_1_292' title='bbox 750 2920 1162 3001; x_wconf 84' lang='lat' dir='ltr'><strong>compleverat.</strong></span> <span class='ocrx_word' id='word_1_293' title='bbox 1258 2920 1537 2982; x_wconf 86' lang='lat' dir='ltr'><strong>Iacebant</strong></span> <span class='ocrx_word' id='word_1_294' title='bbox 1576 2920 1711 2985; x_wconf 83' lang='lat' dir='ltr'><strong>totis</strong></span> <span class='ocrx_word' id='word_1_295' title='bbox 1752 2919 1975 3000; x_wconf 79' lang='lat' dir='ltr'><strong>campis</strong></span> <span class='ocrx_word' id='word_1_296' title='bbox 2018 2938 2162 3000; x_wconf 85' lang='lat' dir='ltr'><strong>opes</strong></span> <span class='ocrx_word' id='word_1_297' title='bbox 2198 2936 2291 2979; x_wconf 84' lang='lat' dir='ltr'><strong>re-</strong></span> 
     </span>
     <span class='ocr_line' id='line_1_37' title="bbox 231 3002 2291 3086; baseline 0.002 -24"><span class='ocrx_word' id='word_1_298' title='bbox 231 3002 390 3083; x_wconf 80' lang='lat' dir='ltr'><strong>giae,</strong></span> <span class='ocrx_word' id='word_1_299' title='bbox 432 3005 526 3066; x_wconf 90' lang='lat' dir='ltr'><strong>illa</strong></span> <span class='ocrx_word' id='word_1_300' title='bbox 575 3004 825 3085; x_wconf 89' lang='lat' dir='ltr'><strong>pecunia</strong></span> <span class='ocrx_word' id='word_1_301' title='bbox 878 3005 1172 3085; x_wconf 88' lang='lat' dir='ltr'><strong>stipendio</strong></span> <span class='ocrx_word' id='word_1_302' title='bbox 1220 3005 1445 3083; x_wconf 86' lang='lat' dir='ltr'><strong>ingenti</strong></span> <span class='ocrx_word' id='word_1_303' title='bbox 1486 3006 1733 3069; x_wconf 89' lang='lat' dir='ltr'><strong>militum</strong></span> <span class='ocrx_word' id='word_1_304' title='bbox 1780 3015 2151 3086; x_wconf 85' lang='lat' dir='ltr'><strong>praeparata,</strong></span> <span class='ocrx_word' id='word_1_305' title='bbox 2199 3003 2291 3066; x_wconf 74' lang='lat' dir='ltr'><strong>ille</strong></span> 
     </span>
    </p>
   </div>
   <div class='ocr_carea' id='block_1_7' title="bbox 11 3062 2289 3165">
    <p class='ocr_par' dir='ltr' id='par_1_7' title="bbox 11 3062 2289 3165">
     <span class='ocr_line' id='line_1_38' title="bbox 11 3062 2289 3165; baseline 0 -15"><span class='ocrx_word' id='word_1_306' title='bbox 11 3062 422 3163; x_wconf 36' lang='lat' dir='ltr'><strong>:Ncultus</strong></span> <span class='ocrx_word' id='word_1_307' title='bbox 451 3100 534 3151; x_wconf 89' lang='lat' dir='ltr'><strong>tot</strong></span> <span class='ocrx_word' id='word_1_308' title='bbox 570 3090 850 3151; x_wconf 90' lang='lat' dir='ltr'><strong>nobilium</strong></span> <span class='ocrx_word' id='word_1_309' title='bbox 895 3091 1172 3163; x_wconf 83' lang='lat' dir='ltr'><strong>virorum,</strong></span> <span class='ocrx_word' id='word_1_310' title='bbox 1217 3098 1308 3152; x_wconf 89' lang='lat' dir='ltr'><strong>tot</strong></span> <span class='ocrx_word' id='word_1_311' title='bbox 1347 3092 1659 3155; x_wconf 85' lang='lat' dir='ltr'><strong>illustrium</strong></span> <span class='ocrx_word' id='word_1_312' title='bbox 1696 3093 2074 3165; x_wconf 84' lang='lat' dir='ltr'><strong>feminarum,</strong></span> <span class='ocrx_word' id='word_1_313' title='bbox 2123 3098 2289 3152; x_wconf 82' lang='lat' dir='ltr'><strong>aurea</strong></span> 
     </span>
    </p>
   </div>
   <div class='ocr_carea' id='block_1_8' title="bbox 25 3454 36 3487">
    <p class='ocr_par' dir='ltr' id='par_1_8' title="bbox 25 3454 36 3487">
     <span class='ocr_line' id='line_1_39' title="bbox 25 3454 36 3487; baseline 0 0"><span class='ocrx_word' id='word_1_314' title='bbox 25 3454 36 3487; x_wconf 75' lang='lat' dir='ltr'><strong>t</strong></span> 
     </span>
    </p>
   </div>
   <div class='ocr_carea' id='block_1_9' title="bbox 133 3176 2317 3875">
    <p class='ocr_par' dir='ltr' id='par_1_9' title="bbox 133 3176 2317 3875">
     <span class='ocr_line' id='line_1_40' title="bbox 229 3176 2287 3258; baseline 0 -22"><span class='ocrx_word' id='word_1_315' title='bbox 229 3195 400 3250; x_wconf 82' lang='lat' dir='ltr'><strong>vasa,</strong></span> <span class='ocrx_word' id='word_1_316' title='bbox 467 3176 628 3241; x_wconf 88' lang='lat' dir='ltr'><strong>aurei</strong></span> <span class='ocrx_word' id='word_1_317' title='bbox 681 3176 862 3249; x_wconf 86' lang='lat' dir='ltr'><strong>freni,</strong></span> <span class='ocrx_word' id='word_1_318' title='bbox 930 3177 1305 3239; x_wconf 87' lang='lat' dir='ltr'><strong>tabernacula</strong></span> <span class='ocrx_word' id='word_1_319' title='bbox 1351 3178 1534 3257; x_wconf 83' lang='lat' dir='ltr'><strong>regali</strong></span> <span class='ocrx_word' id='word_1_320' title='bbox 1585 3178 2019 3258; x_wconf 84' lang='lat' dir='ltr'><strong>magnificentia</strong></span> <span class='ocrx_word' id='word_1_321' title='bbox 2075 3183 2287 3250; x_wconf 88' lang='lat' dir='ltr'><strong>ornata,</strong></span> 
     </span>
     <span class='ocr_line' id='line_1_41' title="bbox 133 3260 2291 3343; baseline -0 -19"><span class='ocrx_word' id='word_1_322' title='bbox 133 3260 212 3324; x_wconf 89' lang='lat' dir='ltr'><strong>ll</strong></span> <span class='ocrx_word' id='word_1_323' title='bbox 233 3262 498 3323; x_wconf 85' lang='lat' dir='ltr'><strong>vehicula</strong></span> <span class='ocrx_word' id='word_1_324' title='bbox 551 3281 787 3342; x_wconf 84' lang='lat' dir='ltr'><strong>quoque</strong></span> <span class='ocrx_word' id='word_1_325' title='bbox 829 3280 862 3321; x_wconf 90' lang='lat' dir='ltr'><strong>a</strong></span> <span class='ocrx_word' id='word_1_326' title='bbox 908 3264 1029 3325; x_wconf 90' lang='lat' dir='ltr'><strong>suis</strong></span> <span class='ocrx_word' id='word_1_327' title='bbox 1075 3264 1377 3338; x_wconf 89' lang='lat' dir='ltr'><strong>destituta,</strong></span> <span class='ocrx_word' id='word_1_328' title='bbox 1422 3264 1681 3343; x_wconf 88' lang='lat' dir='ltr'><strong>ingentis</strong></span> <span class='ocrx_word' id='word_1_329' title='bbox 1725 3263 2063 3343; x_wconf 80' lang='lat' dir='ltr'><strong>opulentiae</strong></span> <span class='ocrx_word' id='word_1_330' title='bbox 2105 3264 2291 3342; x_wconf 80' lang='lat' dir='ltr'><strong>plena,</strong></span> 
     </span>
     <span class='ocr_line' id='line_1_42' title="bbox 236 3347 2293 3443; baseline 0 -34"><span class='ocrx_word' id='word_1_331' title='bbox 236 3348 415 3409; x_wconf 83' lang='lat' dir='ltr'><strong>facies</strong></span> <span class='ocrx_word' id='word_1_332' title='bbox 443 3348 615 3411; x_wconf 83' lang='lat' dir='ltr'><strong>etiam</strong></span> <span class='ocrx_word' id='word_1_333' title='bbox 643 3348 1064 3428; x_wconf 83' lang='lat' dir='ltr'><strong>praedantibus</strong></span> <span class='ocrx_word' id='word_1_334' title='bbox 1097 3349 1298 3422; x_wconf 89' lang='lat' dir='ltr'><strong>tristis,</strong></span> <span class='ocrx_word' id='word_1_335' title='bbox 1353 3350 1403 3411; x_wconf 90' lang='lat' dir='ltr'><strong>si</strong></span> <span class='ocrx_word' id='word_1_336' title='bbox 1438 3368 1552 3430; x_wconf 87' lang='lat' dir='ltr'><strong>qua</strong></span> <span class='ocrx_word' id='word_1_337' title='bbox 1586 3368 1683 3413; x_wconf 85' lang='lat' dir='ltr'><strong>res</strong></span> <span class='ocrx_word' id='word_1_338' title='bbox 1713 3350 2007 3413; x_wconf 78' lang='lat' dir='ltr'><strong>avaritiam</strong></span> <span class='ocrx_word' id='word_1_339' title='bbox 2033 3347 2293 3443; x_wconf 52' lang='lat' dir='ltr'><strong>moraressf</strong></span> 
     </span>
     <span class='ocr_line' id='line_1_43' title="bbox 236 3434 2295 3515; baseline 0 -22"><span class='ocrx_word' id='word_1_340' title='bbox 236 3441 350 3495; x_wconf 87' lang='lat' dir='ltr'><strong>tur.</strong></span> <span class='ocrx_word' id='word_1_341' title='bbox 411 3436 655 3515; x_wconf 78' lang='lat' dir='ltr'><strong>Quippe</strong></span> <span class='ocrx_word' id='word_1_342' title='bbox 682 3443 770 3495; x_wconf 88' lang='lat' dir='ltr'><strong>tot</strong></span> <span class='ocrx_word' id='word_1_343' title='bbox 800 3453 1088 3497; x_wconf 90' lang='lat' dir='ltr'><strong>annorum</strong></span> <span class='ocrx_word' id='word_1_344' title='bbox 1129 3435 1459 3497; x_wconf 88' lang='lat' dir='ltr'><strong>incredibili</strong></span> <span class='ocrx_word' id='word_1_345' title='bbox 1506 3445 1565 3497; x_wconf 88' lang='lat' dir='ltr'><strong>et</strong></span> <span class='ocrx_word' id='word_1_346' title='bbox 1599 3436 1779 3497; x_wconf 86' lang='lat' dir='ltr'><strong>fidem</strong></span> <span class='ocrx_word' id='word_1_347' title='bbox 1812 3436 2133 3499; x_wconf 84' lang='lat' dir='ltr'><strong>excedente</strong></span> <span class='ocrx_word' id='word_1_348' title='bbox 2173 3434 2295 3495; x_wconf 59' lang='lat' dir='ltr'><strong>for*-</strong></span> 
     </span>
     <span class='ocr_line' id='line_1_44' title="bbox 235 3520 2317 3875; baseline 0 -296"><span class='ocrx_word' id='word_1_349' title='bbox 235 3526 380 3579; x_wconf 75' lang='lat' dir='ltr'><strong>tuna</strong></span> <span class='ocrx_word' id='word_1_350' title='bbox 441 3522 729 3583; x_wconf 90' lang='lat' dir='ltr'><strong>cumulata</strong></span> <span class='ocrx_word' id='word_1_351' title='bbox 775 3528 916 3583; x_wconf 91' lang='lat' dir='ltr'><strong>tunc</strong></span> <span class='ocrx_word' id='word_1_352' title='bbox 971 3520 1079 3582; x_wconf 86' lang='lat' dir='ltr'><strong>alia</strong></span> <span class='ocrx_word' id='word_1_353' title='bbox 1127 3522 1409 3602; x_wconf 90' lang='lat' dir='ltr'><strong>stirpibus</strong></span> <span class='ocrx_word' id='word_1_354' title='bbox 1459 3523 1728 3597; x_wconf 86' lang='lat' dir='ltr'><strong>lacerata,</strong></span> <span class='ocrx_word' id='word_1_355' title='bbox 1776 3521 1885 3583; x_wconf 88' lang='lat' dir='ltr'><strong>alia</strong></span> <span class='ocrx_word' id='word_1_356' title='bbox 1938 3522 2001 3587; x_wconf 87' lang='lat' dir='ltr'><strong>in</strong></span> <span class='ocrx_word' id='word_1_357' title='bbox 2054 3537 2317 3875; x_wconf 45' lang='lat' dir='ltr'><strong>coenum}</strong></span> 
     </span>
    </p>
   </div>
   <div class='ocr_carea' id='block_1_10' title="bbox 2318 3865 2417 3875">
    <p class='ocr_par' dir='ltr' id='par_1_10' title="bbox 2318 3865 2417 3875">
     <span class='ocr_line' id='line_1_45' title="bbox 2318 3865 2417 3875; baseline 0.01 -1"><span class='ocrx_word' id='word_1_358' title='bbox 2318 3871 2325 3874; x_wconf 91' lang='lat'>.</span> <span class='ocrx_word' id='word_1_359' title='bbox 2364 3865 2417 3875; x_wconf 68' lang='grc' dir='ltr'><strong>-ι</strong></span> 
     </span>
    </p>
   </div>
  </div>
 </body>
</html>
