2417 3900
540 102 684 165 Lis.
724 103 822 165 vl.
867 102 1017 183 (lv.)
1067 104 1230 167 car.
1274 103 1350 164 11.
1395 100 1643 165 1-21,
1788 150 1794 156 ,
1892 72 1907 89 ³
2044 102 2127 163 os

79 218 270 279 fraude
297 218 588 284 subtracta
618 232 729 284 est.
749 272 757 276 -
777 222 1072 302 Oxydates
1107 230 1235 283 erat
1258 222 1469 283 nobilis
1495 224 1733 296 Perses,
1760 221 1859 303 qui
1882 240 1918 282 a
1940 222 2131 287 Dareo
2152 219 2235 283 11

77 303 288 383 capitali
313 308 604 386 supplicio
637 304 968 372 destinatus
995 308 1377 369 cohibebatur
1404 308 1465 370 in
1499 308 1794 381 vinculis;-
1813 307 1955 369 huie
1981 310 2133 371 libo·

71 400 196 451 rato
219 393 529 471 sati-apiani
559 393 790 453 Mediae
815 393 1094 467 attribuit,
1119 394 1475 473 fratremque
1496 395 1668 456 Darei
1690 394 1921 473 recepit
1941 392 2003 455 in
2030 414 2131 456 co-
2173 422 2187 461 .·

71 477 284 538 hortem
312 478 638 539 amicorum
665 479 822 539 omni
844 486 1106 539 vetustae
1131 479 1409 542 claritatis
1438 480 1663 542 honore
1684 488 1941 543 servato.
1985 480 2135 541 Hinc
2156 486 2235 549 12

66 561 122 623 in
142 563 492 625 Parthienen
519 574 868 642 perventum
902 573 1008 639 est,
1044 574 1186 627 tunc
1214 565 1533 643 ignobilem
1570 577 1819 645 gentem,
1855 584 2018 627 nunc
2038 582 2135 627 ca·-
2184 578 2191 589 ‘

66 656 166 727 put
192 648 472 721 omnium,
499 650 598 727 qui
617 660 760 729 ‚post
773 652 1112 730 Euphraten
1139 660 1199 712 et
1219 652 1423 731 Tigrin
1444 670 1649 713 amnes
1672 652 1765 713 siti
1782 652 1969 713 rubro
1988 650 2140 712 mari

64 733 464 795 terminantur.
529 734 774 815 Scythae
805 737 1108 816 regionem
1143 747 1537 817 campestrem
1570 757 1638 799 ac
1668 738 1919 799 fertilem
1960 754 2139 799 ooeu-
2159 740 2239 801 13

59 828 360 898 paverunt,
399 838 608 899 graves
642 823 834 888 adhuc
857 824 1108 885 accolae.
1147 818 1357 885 'Sedes
1382 825 1605 886 habent
1640 832 1698 885 et
1728 824 1789 885 in
1816 824 2055 904 Europa
2074 832 2139 886 et

55 906 122 965 in
145 904 302 965 Asia:
343 906 442 987 qui
471 926 653 987 super
675 908 1008 989 Bosporum
1047 911 1264 985 colunt,
1302 908 1679 973 ascribuntur
1710 908 1909 987 Asiae;
1946 920 2006 971 at
2029 910 2135 989 qui
2169 918 2199 971 ζ.

55 991 116 1051 in
139 990 370 1071 Europa
409 1003 566 1069 sunt,
604 1014 635 1055 a
667 995 833 1059 laevo
865 996 1150 1059 Thraciae
1179 998 1363 1059 latere
1398 998 1471 1058 ad
1496 996 1923 1079 Borysthenem
1957 1006 2134 1077 atque

53 1076 188 1137 inde
209 1075 282 1138 ad
305 1077 568 1155 Tanaim,
595 1081 770 1146 alium
798 1100 1054 1154 amnem,
1075 1087 1235 1148 recta
1264 1084 1435 1162 plaga
1460 1084 1727 1145 attinent.
1773 1083 1991 1144 Tanais
2013 1082 2134 1143 Eu-
2156 1080 2239 1143 14

55 1180 252 1243 ropam
289 1172 348 1225 et
369 1166 572 1227 Asiam
599 1169 833 1229 medius
859 1168 1161 1230 interfluit.
1207 1169 1332 1229 Nec
1350 1169 1667 1239 dubitatur,
1697 1169 1839 1247 quin
1867 1167 2137 1246 Scythae,
2228 1194 2236 1213 ι

55 1249 150 1328 qui
171 1248 420 1311 Parthos
449 1252 796 1327 condidere,
827 1272 954 1316 non
979 1270 1013 1312 a
1037 1252 1331 1331 Bosporo,
1358 1255 1465 1314 sed
1490 1274 1565 1314 ex
1588 1252 1835 1331 regione
1861 1252 2137 1331 Europae

49 1344 947 1499 pengssb'segrgtteatempestate
975 1420 1128 1480 clara
1145 1419 1619 1499 Hecatom-pylo&
1644 1420 1881 1481 condita
1904 1436 1937 1479 a
1952 1418 2136 1479 Grae·-
2157 1419 2239 1480 15

46 1506 162 1567 cis:
197 1506 278 1567 ibi
315 1506 530 1569 stativa
567 1524 672 1565 rex
705 1504 913 1568 habuit
941 1503 1367 1569 commeatibus
1393 1505 1655 1584 undique
1682 1504 1968 1566 advectiS.
2014 1506 2137 1565 lta·-

43 1610 163 1671 que
189 1611 414 1667 rumor,
435 1590 614 1652 otiosi
635 1590 833 1653 militis
863 1589 1084 1665 vitium,
1108 1589 1238 1652 sine
1264 1600 1504 1653 auctore
1530 1590 1913 1671 percrebruit,
1936 1606 2139 1669 regem

39 1684 393 1739 contentum
417 1678 618 1752 rehuS,
636 1695 789 1762 ,quas
819 1676 1116 1761 gessisset,
1139 1676 1204 1739 in
1218 1678 1625 1739 Macedoniam
1647 1676 1920 1758 protinus
1938 1676 2137 1739 redire

35 1764 350 1824 statuisse.
401 1763 749 1825 Discurrunt
774 1762 1084 1843 lymphatis
1111 1762 1333 1825 similes
1367 1762 1429 1826 in
1451 1765 1827 1828 tabernacula
1854 1772 1915 1826 et
1938 1762 2135 1825 itineri
2155 1768 2239 1833 16

35 1847 310 1910 sarcinas
346 1858 574 1929 aptant:
621 1849 856 1928 signum
899 1850 1097 1911 datum
1141 1850 1417 1913 crederes
1436 1898 1453 1924 ,
1489 1860 1555 1913 ut
1592 1870 1731 1913 vasa
1770 1851 2135 1929 colligerent.

35 1934 208 1996 Totis
247 1935 454 1998 castris
487 1937 774 2001 tumultus
813 1934 956 2000 hinc
1003 1936 1457 2012 contubernales
1498 1957 1644 2000 suos
1680 1937 2130 2018 requirentium,

33 2021 180 2082 hinc
207 2023 580 2098 onerantium
615 2022 886 2102 ‘plaustra
918 2025 1217 2102 perfertur
1248 2024 1322 2084 ad
1352 2043 1576 2102 regem.
1632 2025 1920 2085 Fecerant
1948 2025 2133 2085 fidem
2155 2031 2237 2096 17
2296 2029 2313 2038 ⁵

32 2107 266 2168 rumori
289 2118 512 2170 temere
543 2110 778 2186 vulgato
807 2107 1014 2170 Graeci
1047 2109 1259 2170 milites
1288 2109 1487 2170 redire
1525 2109 1669 2170 ius-si
1706 2111 1939 2180 domos,
1980 2126 2133 2186 quo-
2171 2163 2181 2168 ,

31 2211 174 2254 rum
197 2193 494 2272 equitibus
513 2193 759 2270 singulis
785 2193 1090 2255 denariam
1117 2207 1261 2254 s‘ena
1285 2193 1441 2254 milia
1470 2193 1669 2270 [dataJ.
1713 2193 1869 2271 Ipsis
1892 2209 2136 2270 quoque
2166 2219 2200 2264 χ

31 2279 221 2340 finem
247 2277 486 2340 militiae
507 2276 722 2340 adesse
749 2278 1088 2340 credebant.
1127 2277 1297 2338 Haud
1326 2295 1499 2338 secus
1524 2296 1701 2356 quam
1723 2295 1835 2358 par
1858 2284 1989 2337 erat
2008 2285 2135 2336 ter-
2154 2286 2237 2349 18

31 2366 188 2426 ritus
217 2361 618 2440 [Alexander],
645 2362 745 2442 qui
767 2362 948 2436 Indos
972 2372 1148 2444 atque
1170 2363 1374 2424 ultima
1402 2361 1645 2425 orientis
1672 2378 1989 2442 peragrare
2010 2366 2133 2423 sta-

32 2449 274 2522 tuisset,
299 2450 635 2530 praefectos
656 2450 956 2528 copiarum
983 2449 1044 2510 in
1065 2449 1427 2528 praetorium
1456 2448 1763 2523 contrahit,
1786 2447 2137 2528 obortisque

29 2534 320 2610 lacrimiS,
359 2553 430 2598 ex
466 2534 666 2598 medio
695 2534 918 2614 gloriae
943 2533 1136 2614 spatio
1161 2533 1427 2597 revocari
1450 2553 1537 2608 se,
1570 2534 1703 2602 victi
1738 2533 1927 2616 magis
1952 2552 2131 2614 quam

30 2621 283 2684 victoris
307 2623 606 2684 fortunam
630 2621 695 2684 in
719 2616 966 2702 patriam
989 2621 1309 2685 relaturum
1338 2630 1693 2702 conquestus
1720 2631 1829 2696 est,
1872 2639 1989 2683 nec
2014 2620 2131 2684 sibi
2150 2629 2229 2694 19

27 2707 334 2786 ignaviam
359 2708 610 2770 militum
640 2707 897 2781 obstare,
935 2709 1042 2770 sed
1070 2707 1315 2770 deorum
1343 2707 1637 2784 invidiam,
1662 2709 1765 2790 qui
1791 2707 2129 2772 fortissimis

26 2793 180 2854 viris
223 2793 484 2858 subitum
530 2795 754 2876 patriae
799 2793 1156 2858 desiderium
1197 2794 1615 2871 admovissent,
1654 2797 1855 2875 paullo
1898 2804 2038 2877 post
2064 2795 2127 2858 in

25 2879 292 2942 eandem
329 2900 462 2944 cum
499 2881 724 2944 maiore
757 2881 936 2953 ‚laude
974 2882 1247 2961 famaque
1287 2881 1583 2946 redituris.
1648 2883 1801 2945 Tum
1836 2901 1977 2944 vero
2014 2901 2127 2964 pro
2146 2895 2232 2958 20

25 2985 94 3026 se
127 2965 388 3048 quisque
426 2987 668 3046 operam
699 2987 868 3042 suam
908 2971 1140 3042 offerre,
1181 2967 1517 3032 difficillima
1552 2986 1821 3052 quaeque
1848 2987 2127 3050 poscere,

25 3051 308 3131 polliceri
326 3053 569 3130 militum
584 3073 822 3135 quoque
841 3055 1210 3136 obsequium,
1232 3055 1287 3120 si
1302 3055 1531 3118 animos
1548 3075 1753 3118 eorum
1772 3057 1892 3119 leni
1912 3064 1974 3118 et
1988 3064 2127 3135 apta

25 3138 312 3220 oratione
349 3143 714 3220 permulcere
751 3142 1052 3214 voluisset.
1106 3141 1419 3222 Nunquam
1460 3142 1743 3204 infractos
1779 3151 1838 3204 et
1864 3142 2231 3206 abieotos21

25 3224 396 3300 recessisse,
445 3238 720 3306 quotiens
752 3227 944 3306 ipsius
973 3227 1331 3294 alacritatem
1376 3237 1435 3290 et
1470 3227 1619 3290 tanti
1658 3225 1837 3289 animi
1884 3222 2125 3303 spiritus

25 3310 280 3374 haurire
322 3321 674 3391 potuissent.
732 3311 818 3373 lta
859 3332 924 3374 se
949 3317 1236 3379 facturum
1278 3333 1410 3379 esse
1452 3313 1791 3392 respondit:
1838 3311 1922 3370 iili
1942 3305 2139 3382 modo,

25 3398 194 3476 vulgi
238 3416 419 3469 aures
459 3407 886 3478 praepararent
919 3400 1048 3461 sibi.
1111 3400 1383 3478 Satisque
1410 3399 1707 3468 omnihus,
1740 3392 1977 3474 quaein
2000 3403 2143 3451 rem,
2220 3473 2231 3481 ο

25 3483 397 3564 videbantur
447 3501 609 3558 esse,
663 3485 1012 3564 compositis
1047 3485 1252 3554 ,vocari
1298 3486 1370 3544 ad
1420 3483 1770 3547 concionem
1812 3471 2132 3534 exereitum
2181 3494 2241 3528 εἰ

25 3568 232 3647 ius-sit,
261 3571 426 3652 apud
457 3587 635 3650 quem
657 3570 830 3642 talem
857 3571 1191 3638 orationem
1211 3567 1445 3633 habuit:
1880 3593 1887 3598 ·
1920 3588 1929 3599 ·
2059 3573 2075 3610 -’
2133 3594 2143 3607 ¹
