<?xml version="1.0" encoding="UTF-8"?>
<!DOCTYPE html PUBLIC "-//W3C//DTD XHTML 1.0 Transitional//EN"
    "http://www.w3.org/TR/xhtml1/DTD/xhtml1-transitional.dtd">
<html xmlns="http://www.w3.org/1999/xhtml" xml:lang="en" lang="en">
 <head>
  <title>
</title>
<meta http-equiv="Content-Type" content="text/html;charset=utf-8" />
  <meta name='ocr-system' content='tesseract 3.04.00' />
  <meta name='ocr-capabilities' content='ocr_page ocr_carea ocr_par ocr_line ocrx_word'/>
</head>
<body>
  <div class='ocr_page' id='page_1' title='image "./qcurtiirufidege00kochgoog_0103.png"; bbox 0 0 2417 3900; ppageno 0'>
   <div class='ocr_carea' id='block_1_1' title="bbox 237 48 1883 154">
    <p class='ocr_par' dir='ltr' id='par_1_1' title="bbox 237 48 1883 154">
     <span class='ocr_line' id='line_1_1' title="bbox 237 48 1883 154; baseline -0.006 0"><span class='ocrx_word' id='word_1_1' title='bbox 237 92 334 154; x_wconf 73' lang='lat' dir='ltr'><strong>oe</strong></span> <span class='ocrx_word' id='word_1_2' title='bbox 722 86 824 151; x_wconf 71' lang='grc' dir='ltr'><strong>ΒΕ</strong></span> <span class='ocrx_word' id='word_1_3' title='bbox 845 86 1124 151; x_wconf 41' lang='grc' dir='ltr'><strong>Ν«ῖιιιῑετιε</strong></span> <span class='ocrx_word' id='word_1_4' title='bbox 1167 86 1601 151; x_wconf 54' lang='lat' dir='ltr'><strong>stanuum</strong></span> <span class='ocrx_word' id='word_1_5' title='bbox 1640 48 1883 147; x_wconf 58' lang='lat' dir='ltr'><strong>niem</strong></span> 
     </span>
    </p>
   </div>
   <div class='ocr_carea' id='block_1_2' title="bbox 190 196 2406 1323">
    <p class='ocr_par' dir='ltr' id='par_1_2' title="bbox 190 196 2406 722">
     <span class='ocr_line' id='line_1_2' title="bbox 194 196 2406 291; baseline -0.007 -15"><span class='ocrx_word' id='word_1_6' title='bbox 194 213 233 276; x_wconf 92' lang='lat'>1</span> <span class='ocrx_word' id='word_1_7' title='bbox 383 210 545 291; x_wconf 83' lang='lat' dir='ltr'><strong>Cap.</strong></span> <span class='ocrx_word' id='word_1_8' title='bbox 571 206 672 272; x_wconf 85' lang='lat'>111.</span> <span class='ocrx_word' id='word_1_9' title='bbox 717 206 1181 287; x_wconf 72' lang='lat' dir='ltr'><strong>Magnitudinem</strong></span> <span class='ocrx_word' id='word_1_10' title='bbox 1203 225 1423 284; x_wconf 83' lang='lat' dir='ltr'><strong>rerum,</strong></span> <span class='ocrx_word' id='word_1_11' title='bbox 1458 226 1606 287; x_wconf 87' lang='lat' dir='ltr'><strong>quas</strong></span> <span class='ocrx_word' id='word_1_12' title='bbox 1625 205 1944 286; x_wconf 71' lang='lat' dir='ltr'><strong>gessimus,</strong></span> <span class='ocrx_word' id='word_1_13' title='bbox 1976 196 2217 273; x_wconf 74' lang='lat' dir='ltr'><strong>militeS,</strong></span> <span class='ocrx_word' id='word_1_14' title='bbox 2244 198 2345 259; x_wconf 67' lang='lat' dir='ltr'><strong>im·</strong></span> <span class='ocrx_word' id='word_1_15' title='bbox 2405 226 2406 261; x_wconf 31' lang='grc' dir='ltr'><em>ἢ</em></span> 
     </span>
     <span class='ocr_line' id='line_1_3' title="bbox 253 284 2343 369; baseline -0.008 -8"><span class='ocrx_word' id='word_1_16' title='bbox 253 296 556 361; x_wconf 80' lang='lat' dir='ltr'><strong>tuentibus</strong></span> <span class='ocrx_word' id='word_1_17' title='bbox 577 293 744 358; x_wconf 82' lang='lat' dir='ltr'><strong>vohis</strong></span> <span class='ocrx_word' id='word_1_18' title='bbox 761 294 1002 355; x_wconf 84' lang='lat' dir='ltr'><strong>minime</strong></span> <span class='ocrx_word' id='word_1_19' title='bbox 1023 292 1239 357; x_wconf 87' lang='lat' dir='ltr'><strong>mirum</strong></span> <span class='ocrx_word' id='word_1_20' title='bbox 1262 303 1353 356; x_wconf 90' lang='lat' dir='ltr'><strong>est</strong></span> <span class='ocrx_word' id='word_1_21' title='bbox 1374 302 1433 355; x_wconf 87' lang='lat' dir='ltr'><strong>et</strong></span> <span class='ocrx_word' id='word_1_22' title='bbox 1455 292 1811 355; x_wconf 89' lang='lat' dir='ltr'><strong>desiderium</strong></span> <span class='ocrx_word' id='word_1_23' title='bbox 1834 286 2047 369; x_wconf 87' lang='lat' dir='ltr'><strong>quietis</strong></span> <span class='ocrx_word' id='word_1_24' title='bbox 2072 292 2135 345; x_wconf 90' lang='lat' dir='ltr'><strong>et</strong></span> <span class='ocrx_word' id='word_1_25' title='bbox 2154 284 2343 346; x_wconf 87' lang='lat' dir='ltr'><strong>satie-</strong></span> 
     </span>
     <span class='ocr_line' id='line_1_4' title="bbox 192 370 2341 462; baseline -0.008 -15"><span class='ocrx_word' id='word_1_26' title='bbox 192 396 234 459; x_wconf 83' lang='lat'><strong>2</strong></span> <span class='ocrx_word' id='word_1_27' title='bbox 253 393 437 447; x_wconf 73' lang='lat' dir='ltr'><strong>tatem</strong></span> <span class='ocrx_word' id='word_1_28' title='bbox 452 381 670 462; x_wconf 75' lang='lat' dir='ltr'><strong>gloriae</strong></span> <span class='ocrx_word' id='word_1_29' title='bbox 687 398 1018 443; x_wconf 75' lang='lat' dir='ltr'><strong>occurrere.</strong></span> <span class='ocrx_word' id='word_1_30' title='bbox 1039 380 1118 442; x_wconf 87' lang='lat' dir='ltr'><strong>Ut</strong></span> <span class='ocrx_word' id='word_1_31' title='bbox 1135 380 1401 442; x_wconf 85' lang='lat' dir='ltr'><strong>omittam</strong></span> <span class='ocrx_word' id='word_1_32' title='bbox 1421 378 1663 461; x_wconf 72' lang='lat' dir='ltr'><strong>illyrios,</strong></span> <span class='ocrx_word' id='word_1_33' title='bbox 1682 376 1989 449; x_wconf 86' lang='lat' dir='ltr'><strong>Triballos,</strong></span> <span class='ocrx_word' id='word_1_34' title='bbox 2006 370 2341 447; x_wconf 76' lang='lat' dir='ltr'><strong>Boeotiam,</strong></span> 
     </span>
     <span class='ocr_line' id='line_1_5' title="bbox 253 458 2343 547; baseline -0.009 -12"><span class='ocrx_word' id='word_1_35' title='bbox 253 469 580 544; x_wconf 72' lang='lat' dir='ltr'><strong>Thraciam,</strong></span> <span class='ocrx_word' id='word_1_36' title='bbox 599 469 890 547; x_wconf 78' lang='lat' dir='ltr'><strong>Spartam,</strong></span> <span class='ocrx_word' id='word_1_37' title='bbox 911 466 1198 541; x_wconf 84' lang='lat' dir='ltr'><strong>Achaeos,</strong></span> <span class='ocrx_word' id='word_1_38' title='bbox 1219 467 1715 547; x_wconf 71' lang='lat' dir='ltr'><strong>Peloponnesum,</strong></span> <span class='ocrx_word' id='word_1_39' title='bbox 1740 478 1992 543; x_wconf 86' lang='lat' dir='ltr'><strong>quorum</strong></span> <span class='ocrx_word' id='word_1_40' title='bbox 2016 458 2129 520; x_wconf 83' lang='lat' dir='ltr'><strong>alia</strong></span> <span class='ocrx_word' id='word_1_41' title='bbox 2156 458 2343 518; x_wconf 81' lang='lat' dir='ltr'><strong>ductu</strong></span> 
     </span>
     <span class='ocr_line' id='line_1_6' title="bbox 190 543 2341 634; baseline -0.007 -14"><span class='ocrx_word' id='word_1_42' title='bbox 190 567 233 631; x_wconf 82' lang='grc'><strong>3</strong></span> <span class='ocrx_word' id='word_1_43' title='bbox 251 575 406 630; x_wconf 74' lang='lat' dir='ltr'><strong>meo,</strong></span> <span class='ocrx_word' id='word_1_44' title='bbox 445 554 556 617; x_wconf 79' lang='lat' dir='ltr'><strong>aliu</strong></span> <span class='ocrx_word' id='word_1_45' title='bbox 589 554 840 634; x_wconf 83' lang='lat' dir='ltr'><strong>imperio</strong></span> <span class='ocrx_word' id='word_1_46' title='bbox 885 552 1269 633; x_wconf 82' lang='lat' dir='ltr'><strong>auspicioque</strong></span> <span class='ocrx_word' id='word_1_47' title='bbox 1306 552 1637 633; x_wconf 88' lang='lat' dir='ltr'><strong>perdomui,</strong></span> <span class='ocrx_word' id='word_1_48' title='bbox 1672 569 1807 612; x_wconf 84' lang='lat' dir='ltr'><strong>eece</strong></span> <span class='ocrx_word' id='word_1_49' title='bbox 1846 548 1969 611; x_wconf 89' lang='lat' dir='ltr'><strong>orsi</strong></span> <span class='ocrx_word' id='word_1_50' title='bbox 2003 545 2227 607; x_wconf 85' lang='lat' dir='ltr'><strong>bellum</strong></span> <span class='ocrx_word' id='word_1_51' title='bbox 2268 543 2341 605; x_wconf 89' lang='lat' dir='ltr'><strong>ab</strong></span> 
     </span>
     <span class='ocr_line' id='line_1_7' title="bbox 250 631 2343 722; baseline -0.009 -15"><span class='ocrx_word' id='word_1_52' title='bbox 250 642 638 722; x_wconf 76' lang='lat' dir='ltr'><strong>Hellesponto</strong></span> <span class='ocrx_word' id='word_1_53' title='bbox 661 640 856 714; x_wconf 69' lang='lat' dir='ltr'><strong>lenas,</strong></span> <span class='ocrx_word' id='word_1_54' title='bbox 891 640 1195 701; x_wconf 68' lang='lat' dir='ltr'><strong>Aeolidem</strong></span> <span class='ocrx_word' id='word_1_55' title='bbox 1226 638 1467 699; x_wconf 80' lang='lat' dir='ltr'><strong>servitio</strong></span> <span class='ocrx_word' id='word_1_56' title='bbox 1493 638 1801 699; x_wconf 79' lang='lat' dir='ltr'><strong>barbariae</strong></span> <span class='ocrx_word' id='word_1_57' title='bbox 1828 631 2173 714; x_wconf 82' lang='lat' dir='ltr'><strong>impotentis</strong></span> <span class='ocrx_word' id='word_1_58' title='bbox 2206 646 2343 690; x_wconf 82' lang='lat' dir='ltr'><strong>exe-</strong></span> 
     </span>
    </p>

    <p class='ocr_par' dir='ltr' id='par_1_3' title="bbox 249 718 2406 805">
     <span class='ocr_line' id='line_1_8' title="bbox 249 718 2406 805; baseline -0.008 -14"><span class='ocrx_word' id='word_1_59' title='bbox 249 728 495 802; x_wconf 83' lang='lat' dir='ltr'><strong>mimus,</strong></span> <span class='ocrx_word' id='word_1_60' title='bbox 534 726 780 799; x_wconf 79' lang='lat' dir='ltr'><strong>Cariam,</strong></span> <span class='ocrx_word' id='word_1_61' title='bbox 819 724 1092 805; x_wconf 79' lang='lat' dir='ltr'><strong>Lydiam,</strong></span> <span class='ocrx_word' id='word_1_62' title='bbox 1129 726 1591 803; x_wconf 79' lang='lat' dir='ltr'><strong>Cappadociam,</strong></span> <span class='ocrx_word' id='word_1_63' title='bbox 1631 720 1963 805; x_wconf 71' lang='lat' dir='ltr'><strong>Bhrygiam,</strong></span> <span class='ocrx_word' id='word_1_64' title='bbox 2004 718 2342 798; x_wconf 67' lang='lat' dir='ltr'><strong>Paphlago·</strong></span> <span class='ocrx_word' id='word_1_65' title='bbox 2405 744 2406 787; x_wconf 8' lang='grc' dir='ltr'>ί</span> 
     </span>
    </p>

    <p class='ocr_par' dir='ltr' id='par_1_4' title="bbox 192 790 2406 1063">
     <span class='ocr_line' id='line_1_9' title="bbox 251 790 2406 893; baseline -0.006 -17"><span class='ocrx_word' id='word_1_66' title='bbox 251 814 432 886; x_wconf 74' lang='lat' dir='ltr'><strong>niam,</strong></span> <span class='ocrx_word' id='word_1_67' title='bbox 456 812 876 893; x_wconf 74' lang='lat' dir='ltr'><strong>Pamphyliam,</strong></span> <span class='ocrx_word' id='word_1_68' title='bbox 901 810 1148 883; x_wconf 63' lang='lat' dir='ltr'><strong>Pisidas,</strong></span> <span class='ocrx_word' id='word_1_69' title='bbox 1175 810 1449 887; x_wconf 81' lang='lat' dir='ltr'><strong>Ciliciam,</strong></span> <span class='ocrx_word' id='word_1_70' title='bbox 1478 810 1720 891; x_wconf 81' lang='lat' dir='ltr'><strong>Syri-am,</strong></span> <span class='ocrx_word' id='word_1_71' title='bbox 1744 810 2107 878; x_wconf 68' lang='lat' dir='ltr'><strong>Phoenicen,</strong></span> <span class='ocrx_word' id='word_1_72' title='bbox 2132 806 2341 864; x_wconf 86' lang='lat' dir='ltr'><strong>Arme-</strong></span> <span class='ocrx_word' id='word_1_73' title='bbox 2405 790 2406 833; x_wconf 54' lang='lat'>¹</span> 
     </span>
     <span class='ocr_line' id='line_1_10' title="bbox 192 889 2343 975; baseline -0.006 -14"><span class='ocrx_word' id='word_1_74' title='bbox 192 907 236 968; x_wconf 80' lang='grc'>4</span> <span class='ocrx_word' id='word_1_75' title='bbox 257 899 432 971; x_wconf 83' lang='lat' dir='ltr'><strong>uiam,</strong></span> <span class='ocrx_word' id='word_1_76' title='bbox 452 898 776 971; x_wconf 71' lang='lat' dir='ltr'><strong>Persidem,</strong></span> <span class='ocrx_word' id='word_1_77' title='bbox 803 897 1030 970; x_wconf 78' lang='lat' dir='ltr'><strong>MedoS‚</strong></span> <span class='ocrx_word' id='word_1_78' title='bbox 1057 896 1415 959; x_wconf 76' lang='lat' dir='ltr'><strong>Parthienen</strong></span> <span class='ocrx_word' id='word_1_79' title='bbox 1440 897 1728 958; x_wconf 86' lang='lat' dir='ltr'><strong>babemus</strong></span> <span class='ocrx_word' id='word_1_80' title='bbox 1755 896 1817 956; x_wconf 86' lang='lat' dir='ltr'><strong>in</strong></span> <span class='ocrx_word' id='word_1_81' title='bbox 1849 900 2161 975; x_wconf 77' lang='lat' dir='ltr'><strong>potestate.</strong></span> <span class='ocrx_word' id='word_1_82' title='bbox 2202 889 2343 950; x_wconf 87' lang='lat' dir='ltr'><strong>Plu·-</strong></span> 
     </span>
     <span class='ocr_line' id='line_1_11' title="bbox 253 980 2342 1063; baseline -0.006 -16"><span class='ocrx_word' id='word_1_83' title='bbox 253 1003 354 1047; x_wconf 79' lang='lat' dir='ltr'><strong>res</strong></span> <span class='ocrx_word' id='word_1_84' title='bbox 397 980 1114 1063; x_wconf 75' lang='lat' dir='ltr'><strong>provincias-complexus</strong></span> <span class='ocrx_word' id='word_1_85' title='bbox 1156 1001 1311 1057; x_wconf 89' lang='lat' dir='ltr'><strong>sum,</strong></span> <span class='ocrx_word' id='word_1_86' title='bbox 1354 1002 1529 1063; x_wconf 89' lang='lat' dir='ltr'><strong>quam</strong></span> <span class='ocrx_word' id='word_1_87' title='bbox 1576 982 1671 1043; x_wconf 84' lang='lat' dir='ltr'><strong>alii</strong></span> <span class='ocrx_word' id='word_1_88' title='bbox 1714 983 1895 1044; x_wconf 84' lang='lat' dir='ltr'><strong>urbes</strong></span> <span class='ocrx_word' id='word_1_89' title='bbox 1938 984 2239 1057; x_wconf 82' lang='lat' dir='ltr'><strong>ceperunt,</strong></span> <span class='ocrx_word' id='word_1_90' title='bbox 2282 984 2342 1035; x_wconf 83' lang='lat' dir='ltr'><strong>et</strong></span> 
     </span>
    </p>

    <p class='ocr_par' dir='ltr' id='par_1_5' title="bbox 223 1058 2406 1151">
     <span class='ocr_line' id='line_1_12' title="bbox 223 1058 2406 1151; baseline -0.005 -20"><span class='ocrx_word' id='word_1_91' title='bbox 223 1092 228 1097; x_wconf 86' lang='grc'><em>·</em></span> <span class='ocrx_word' id='word_1_92' title='bbox 257 1070 483 1141; x_wconf 82' lang='lat' dir='ltr'><strong>nescio,</strong></span> <span class='ocrx_word' id='word_1_93' title='bbox 517 1087 592 1129; x_wconf 87' lang='lat' dir='ltr'><strong>an</strong></span> <span class='ocrx_word' id='word_1_94' title='bbox 619 1068 984 1131; x_wconf 75' lang='lat' dir='ltr'><strong>enumeranti</strong></span> <span class='ocrx_word' id='word_1_95' title='bbox 1009 1067 1153 1131; x_wconf 86' lang='lat' dir='ltr'><strong>mihi</strong></span> <span class='ocrx_word' id='word_1_96' title='bbox 1183 1071 1473 1147; x_wconf 84' lang='lat' dir='ltr'><strong>quaedam</strong></span> <span class='ocrx_word' id='word_1_97' title='bbox 1501 1070 1765 1151; x_wconf 82' lang='lat' dir='ltr'><strong>ipsarum</strong></span> <span class='ocrx_word' id='word_1_98' title='bbox 1796 1084 1997 1128; x_wconf 86' lang='lat' dir='ltr'><strong>rerum</strong></span> <span class='ocrx_word' id='word_1_99' title='bbox 2024 1058 2337 1124; x_wconf 83' lang='lat' dir='ltr'><strong>multitudo</strong></span> <span class='ocrx_word' id='word_1_100' title='bbox 2404 1094 2406 1147; x_wconf 66' lang='lat'><em>3</em></span> 
     </span>
    </p>

    <p class='ocr_par' dir='ltr' id='par_1_6' title="bbox 196 1146 2406 1235">
     <span class='ocr_line' id='line_1_13' title="bbox 196 1146 2406 1235; baseline -0.007 -14"><span class='ocrx_word' id='word_1_101' title='bbox 196 1174 239 1235; x_wconf 76' lang='lat'>5</span> <span class='ocrx_word' id='word_1_102' title='bbox 259 1153 625 1221; x_wconf 78' lang='lat' dir='ltr'><strong>subduxerit.</strong></span> <span class='ocrx_word' id='word_1_103' title='bbox 669 1154 876 1233; x_wconf 86' lang='lat' dir='ltr'><strong>ltaque</strong></span> <span class='ocrx_word' id='word_1_104' title='bbox 897 1154 948 1217; x_wconf 87' lang='lat' dir='ltr'><strong>si</strong></span> <span class='ocrx_word' id='word_1_105' title='bbox 971 1155 1296 1230; x_wconf 80' lang='lat' dir='ltr'><strong>crederem,</strong></span> <span class='ocrx_word' id='word_1_106' title='bbox 1320 1156 1463 1217; x_wconf 83' lang='lat' dir='ltr'><strong>satis</strong></span> <span class='ocrx_word' id='word_1_107' title='bbox 1488 1164 1705 1217; x_wconf 85' lang='lat' dir='ltr'><strong>eertam</strong></span> <span class='ocrx_word' id='word_1_108' title='bbox 1732 1172 1865 1215; x_wconf 87' lang='lat' dir='ltr'><strong>esse</strong></span> <span class='ocrx_word' id='word_1_109' title='bbox 1892 1146 2341 1232; x_wconf 86' lang='lat' dir='ltr'><strong>possessionem</strong></span> <span class='ocrx_word' id='word_1_110' title='bbox 2405 1212 2406 1215; x_wconf 8' lang='grc' dir='ltr'><strong>Ἴ</strong></span> 
     </span>
    </p>

    <p class='ocr_par' dir='ltr' id='par_1_7' title="bbox 256 1232 2406 1323">
     <span class='ocr_line' id='line_1_14' title="bbox 256 1232 2406 1323; baseline -0.006 -18"><span class='ocrx_word' id='word_1_111' title='bbox 256 1252 566 1323; x_wconf 77' lang='lat' dir='ltr'><strong>terrarum,</strong></span> <span class='ocrx_word' id='word_1_112' title='bbox 593 1258 740 1319; x_wconf 80' lang='lat' dir='ltr'><strong>quas</strong></span> <span class='ocrx_word' id='word_1_113' title='bbox 767 1248 928 1301; x_wconf 84' lang='lat' dir='ltr'><strong>tanta</strong></span> <span class='ocrx_word' id='word_1_114' title='bbox 955 1240 1263 1303; x_wconf 85' lang='lat' dir='ltr'><strong>velocitate</strong></span> <span class='ocrx_word' id='word_1_115' title='bbox 1292 1242 1649 1316; x_wconf 76' lang='lat' dir='ltr'><strong>domuimus,</strong></span> <span class='ocrx_word' id='word_1_116' title='bbox 1678 1260 1789 1319; x_wconf 83' lang='lat' dir='ltr'><strong>ego</strong></span> <span class='ocrx_word' id='word_1_117' title='bbox 1818 1258 1975 1310; x_wconf 83' lang='lat' dir='ltr'><strong>vero,</strong></span> <span class='ocrx_word' id='word_1_118' title='bbox 2006 1234 2238 1307; x_wconf 80' lang='lat' dir='ltr'><strong>milites,</strong></span> <span class='ocrx_word' id='word_1_119' title='bbox 2251 1232 2343 1293; x_wconf 82' lang='lat' dir='ltr'><strong>-ad</strong></span> <span class='ocrx_word' id='word_1_120' title='bbox 2405 1258 2406 1301; x_wconf 34' lang='grc' dir='ltr'>ᾗ</span> 
     </span>
    </p>
   </div>
   <div class='ocr_carea' id='block_1_3' title="bbox 183 1321 2346 1426">
    <p class='ocr_par' dir='ltr' id='par_1_8' title="bbox 183 1321 2406 1465">
     <span class='ocr_line' id='line_1_15' title="bbox 183 1321 2346 1426; baseline -0.005 -36"><span class='ocrx_word' id='word_1_121' title='bbox 183 1381 191 1390; x_wconf 86' lang='grc'>.</span> <span class='ocrx_word' id='word_1_122' title='bbox 259 1336 506 1426; x_wconf 76' lang='lat' dir='ltr'><strong>penates</strong></span> <span class='ocrx_word' id='word_1_123' title='bbox 541 1346 730 1400; x_wconf 81' lang='lat' dir='ltr'><strong>meoS,</strong></span> <span class='ocrx_word' id='word_1_124' title='bbox 769 1328 843 1388; x_wconf 87' lang='lat' dir='ltr'><strong>ad</strong></span> <span class='ocrx_word' id='word_1_125' title='bbox 875 1335 1180 1407; x_wconf 81' lang='lat' dir='ltr'><strong>parentem</strong></span> <span class='ocrx_word' id='word_1_126' title='bbox 1211 1347 1565 1408; x_wconf 84' lang='lat' dir='ltr'><strong>sororesque</strong></span> <span class='ocrx_word' id='word_1_127' title='bbox 1596 1338 1653 1389; x_wconf 88' lang='lat' dir='ltr'><strong>et</strong></span> <span class='ocrx_word' id='word_1_128' title='bbox 1680 1336 1911 1389; x_wconf 86' lang='lat' dir='ltr'><strong>ceteros</strong></span> <span class='ocrx_word' id='word_1_129' title='bbox 1943 1322 2101 1384; x_wconf 68' lang='lat' dir='ltr'><strong>eires</strong></span> <span class='ocrx_word' id='word_1_130' title='bbox 2132 1321 2229 1381; x_wconf 84' lang='lat' dir='ltr'><strong>vel</strong></span> <span class='ocrx_word' id='word_1_131' title='bbox 2252 1336 2346 1381; x_wconf 84' lang='lat' dir='ltr'><strong>re-</strong></span> 
     </span>
    </p>
   </div>
   <div class='ocr_carea' id='block_1_4' title="bbox 154 1407 2406 3651">
    <p class='ocr_par' dir='ltr' id='par_1_9' title="bbox 167 1407 2346 1667">
     <span class='ocr_line' id='line_1_16' title="bbox 167 1407 2346 1493; baseline -0.004 -17"><span class='ocrx_word' id='word_1_132' title='bbox 167 1448 174 1455; x_wconf 90' lang='lat'><strong>·</strong></span> <span class='ocrx_word' id='word_1_133' title='bbox 260 1414 583 1476; x_wconf 67' lang='lat' dir='ltr'><strong>nitentibus</strong></span> <span class='ocrx_word' id='word_1_134' title='bbox 616 1413 784 1473; x_wconf 84' lang='lat' dir='ltr'><strong>vobis</strong></span> <span class='ocrx_word' id='word_1_135' title='bbox 809 1429 1204 1493; x_wconf 84' lang='lat' dir='ltr'><strong>erumperem,</strong></span> <span class='ocrx_word' id='word_1_136' title='bbox 1241 1422 1306 1476; x_wconf 87' lang='lat' dir='ltr'><strong>ut</strong></span> <span class='ocrx_word' id='word_1_137' title='bbox 1328 1414 1412 1475; x_wconf 89' lang='lat' dir='ltr'><strong>ibi</strong></span> <span class='ocrx_word' id='word_1_138' title='bbox 1440 1413 1813 1493; x_wconf 83' lang='lat' dir='ltr'><strong>potissimum</strong></span> <span class='ocrx_word' id='word_1_139' title='bbox 1850 1416 2016 1493; x_wconf 86' lang='lat' dir='ltr'><strong>parta</strong></span> <span class='ocrx_word' id='word_1_140' title='bbox 2040 1407 2346 1469; x_wconf 83' lang='lat' dir='ltr'><strong>vobiscum</strong></span> 
     </span>
     <span class='ocr_line' id='line_1_17' title="bbox 261 1494 2345 1579; baseline -0.005 -16"><span class='ocrx_word' id='word_1_141' title='bbox 261 1500 437 1563; x_wconf 75' lang='lat' dir='ltr'><strong>laude</strong></span> <span class='ocrx_word' id='word_1_142' title='bbox 465 1507 526 1559; x_wconf 84' lang='lat' dir='ltr'><strong>et</strong></span> <span class='ocrx_word' id='word_1_143' title='bbox 560 1498 744 1579; x_wconf 85' lang='lat' dir='ltr'><strong>gloria</strong></span> <span class='ocrx_word' id='word_1_144' title='bbox 771 1501 1016 1573; x_wconf 79' lang='lat' dir='ltr'><strong>fruerer,</strong></span> <span class='ocrx_word' id='word_1_145' title='bbox 1050 1498 1151 1561; x_wconf 87' lang='lat' dir='ltr'><strong>ubi</strong></span> <span class='ocrx_word' id='word_1_146' title='bbox 1179 1517 1293 1561; x_wconf 90' lang='lat' dir='ltr'><strong>nos</strong></span> <span class='ocrx_word' id='word_1_147' title='bbox 1318 1501 1615 1561; x_wconf 84' lang='lat' dir='ltr'><strong>uberrima</strong></span> <span class='ocrx_word' id='word_1_148' title='bbox 1650 1498 1933 1561; x_wconf 83' lang='lat' dir='ltr'><strong>victoriae</strong></span> <span class='ocrx_word' id='word_1_149' title='bbox 1953 1494 2225 1576; x_wconf 79' lang='lat' dir='ltr'><strong>praemia</strong></span> <span class='ocrx_word' id='word_1_150' title='bbox 2248 1512 2345 1553; x_wconf 85' lang='lat' dir='ltr'><strong>ex-</strong></span> 
     </span>
     <span class='ocr_line' id='line_1_18' title="bbox 263 1580 2343 1667; baseline -0.004 -18"><span class='ocrx_word' id='word_1_151' title='bbox 263 1593 555 1667; x_wconf 76' lang='lat' dir='ltr'><strong>spectant,</strong></span> <span class='ocrx_word' id='word_1_152' title='bbox 600 1585 870 1659; x_wconf 71' lang='lat' dir='ltr'><strong>liberum,</strong></span> <span class='ocrx_word' id='word_1_153' title='bbox 915 1585 1233 1663; x_wconf 78' lang='lat' dir='ltr'><strong>coniugum</strong></span> <span class='ocrx_word' id='word_1_154' title='bbox 1256 1594 1688 1666; x_wconf 78' lang='lat' dir='ltr'><strong>parentumque</strong></span> <span class='ocrx_word' id='word_1_155' title='bbox 1720 1583 1953 1655; x_wconf 85' lang='lat' dir='ltr'><strong>laetitia,</strong></span> <span class='ocrx_word' id='word_1_156' title='bbox 1990 1600 2125 1661; x_wconf 83' lang='lat' dir='ltr'><strong>pax,</strong></span> <span class='ocrx_word' id='word_1_157' title='bbox 2166 1580 2343 1661; x_wconf 85' lang='lat' dir='ltr'><strong>quies,</strong></span> 
     </span>
    </p>

    <p class='ocr_par' dir='ltr' id='par_1_10' title="bbox 204 1668 2347 1751">
     <span class='ocr_line' id='line_1_19' title="bbox 204 1668 2347 1751; baseline -0.004 -18"><span class='ocrx_word' id='word_1_158' title='bbox 204 1686 246 1747; x_wconf 77' lang='grc'>6</span> <span class='ocrx_word' id='word_1_159' title='bbox 263 1690 464 1733; x_wconf 77' lang='lat' dir='ltr'><strong>rerum</strong></span> <span class='ocrx_word' id='word_1_160' title='bbox 489 1689 596 1749; x_wconf 87' lang='lat' dir='ltr'><strong>per</strong></span> <span class='ocrx_word' id='word_1_161' title='bbox 623 1671 893 1735; x_wconf 81' lang='lat' dir='ltr'><strong>virtutem</strong></span> <span class='ocrx_word' id='word_1_162' title='bbox 909 1684 1217 1749; x_wconf 82' lang='lat' dir='ltr'><strong>partarum</strong></span> <span class='ocrx_word' id='word_1_163' title='bbox 1244 1690 1450 1733; x_wconf 82' lang='lat' dir='ltr'><strong>secura</strong></span> <span class='ocrx_word' id='word_1_164' title='bbox 1475 1674 1801 1751; x_wconf 82' lang='lat' dir='ltr'><strong>possessio.</strong></span> <span class='ocrx_word' id='word_1_165' title='bbox 1841 1670 1959 1731; x_wconf 86' lang='lat' dir='ltr'><strong>Sed</strong></span> <span class='ocrx_word' id='word_1_166' title='bbox 1986 1668 2048 1728; x_wconf 84' lang='lat' dir='ltr'><strong>in</strong></span> <span class='ocrx_word' id='word_1_167' title='bbox 2068 1686 2250 1741; x_wconf 79' lang='lat' dir='ltr'><strong>novo,</strong></span> <span class='ocrx_word' id='word_1_168' title='bbox 2278 1672 2347 1739; x_wconf 88' lang='lat' dir='ltr'><strong>et,</strong></span> 
     </span>
    </p>

    <p class='ocr_par' dir='ltr' id='par_1_11' title="bbox 173 1752 2349 1924">
     <span class='ocr_line' id='line_1_20' title="bbox 173 1752 2346 1837; baseline -0.004 -18"><span class='ocrx_word' id='word_1_169' title='bbox 173 1774 182 1805; x_wconf 71' lang='lat'><em>7</em></span> <span class='ocrx_word' id='word_1_170' title='bbox 266 1758 320 1819; x_wconf 79' lang='lat' dir='ltr'><strong>si</strong></span> <span class='ocrx_word' id='word_1_171' title='bbox 353 1758 558 1817; x_wconf 69' lang='lat' dir='ltr'><strong>vei-‘um</strong></span> <span class='ocrx_word' id='word_1_172' title='bbox 594 1757 763 1819; x_wconf 80' lang='lat' dir='ltr'><strong>fateri</strong></span> <span class='ocrx_word' id='word_1_173' title='bbox 809 1756 1096 1829; x_wconf 84' lang='lat' dir='ltr'><strong>volumus,</strong></span> <span class='ocrx_word' id='word_1_174' title='bbox 1142 1758 1409 1835; x_wconf 79' lang='lat' dir='ltr'><strong>precario</strong></span> <span class='ocrx_word' id='word_1_175' title='bbox 1446 1760 1714 1837; x_wconf 86' lang='lat' dir='ltr'><strong>imperio,</strong></span> <span class='ocrx_word' id='word_1_176' title='bbox 1756 1758 1951 1819; x_wconf 85' lang='lat' dir='ltr'><strong>adhue</strong></span> <span class='ocrx_word' id='word_1_177' title='bbox 1985 1754 2195 1831; x_wconf 81' lang='lat' dir='ltr'><strong>iugum</strong></span> <span class='ocrx_word' id='word_1_178' title='bbox 2230 1752 2346 1813; x_wconf 88' lang='lat' dir='ltr'><strong>eius</strong></span> 
     </span>
     <span class='ocr_line' id='line_1_21' title="bbox 264 1842 2349 1924; baseline -0.003 -19"><span class='ocrx_word' id='word_1_179' title='bbox 264 1842 454 1921; x_wconf 77' lang='lat' dir='ltr'><strong>rigida</strong></span> <span class='ocrx_word' id='word_1_180' title='bbox 477 1842 704 1903; x_wconf 79' lang='lat' dir='ltr'><strong>cervice</strong></span> <span class='ocrx_word' id='word_1_181' title='bbox 731 1844 1121 1904; x_wconf 85' lang='lat' dir='ltr'><strong>subeuntibus</strong></span> <span class='ocrx_word' id='word_1_182' title='bbox 1148 1843 1435 1917; x_wconf 57' lang='lat' dir='ltr'><strong>barbam,</strong></span> <span class='ocrx_word' id='word_1_183' title='bbox 1466 1852 1753 1924; x_wconf 88' lang='lat' dir='ltr'><strong>tempore,</strong></span> <span class='ocrx_word' id='word_1_184' title='bbox 1792 1842 2025 1915; x_wconf 84' lang='lat' dir='ltr'><strong>milites,</strong></span> <span class='ocrx_word' id='word_1_185' title='bbox 2064 1858 2221 1919; x_wconf 84' lang='lat' dir='ltr'><strong>opus</strong></span> <span class='ocrx_word' id='word_1_186' title='bbox 2247 1845 2349 1911; x_wconf 85' lang='lat' dir='ltr'><strong>est,</strong></span> 
     </span>
    </p>

    <p class='ocr_par' dir='ltr' id='par_1_12' title="bbox 154 1927 2351 2006">
     <span class='ocr_line' id='line_1_22' title="bbox 154 1927 2351 2006; baseline -0.002 -16"><span class='ocrx_word' id='word_1_187' title='bbox 154 1934 162 1943; x_wconf 88' lang='lat'>&#39;</span> <span class='ocrx_word' id='word_1_188' title='bbox 269 1928 414 1998; x_wconf 73' lang='lat' dir='ltr'><strong>dum</strong></span> <span class='ocrx_word' id='word_1_189' title='bbox 435 1927 768 1990; x_wconf 84' lang='lat' dir='ltr'><strong>mitioribus</strong></span> <span class='ocrx_word' id='word_1_190' title='bbox 790 1928 1040 2006; x_wconf 82' lang='lat' dir='ltr'><strong>ingeniis</strong></span> <span class='ocrx_word' id='word_1_191' title='bbox 1070 1928 1417 1993; x_wconf 80' lang='lat' dir='ltr'><strong>imbuuntur</strong></span> <span class='ocrx_word' id='word_1_192' title='bbox 1444 1938 1501 1992; x_wconf 85' lang='lat' dir='ltr'><strong>et</strong></span> <span class='ocrx_word' id='word_1_193' title='bbox 1532 1933 1809 1994; x_wconf 80' lang='lat' dir='ltr'><strong>efferatos</strong></span> <span class='ocrx_word' id='word_1_194' title='bbox 1838 1928 2077 1990; x_wconf 84' lang='lat' dir='ltr'><strong>mollior</strong></span> <span class='ocrx_word' id='word_1_195' title='bbox 2102 1942 2351 1988; x_wconf 82' lang='lat' dir='ltr'><strong>eonsue-</strong></span> 
     </span>
    </p>

    <p class='ocr_par' dir='ltr' id='par_1_13' title="bbox 180 2015 2353 2183">
     <span class='ocr_line' id='line_1_23' title="bbox 180 2015 2352 2096; baseline -0.003 -18"><span class='ocrx_word' id='word_1_196' title='bbox 180 2023 251 2086; x_wconf 81' lang='lat'><strong>·7</strong></span> <span class='ocrx_word' id='word_1_197' title='bbox 269 2015 414 2078; x_wconf 87' lang='lat' dir='ltr'><strong>tudo</strong></span> <span class='ocrx_word' id='word_1_198' title='bbox 453 2015 796 2095; x_wconf 79' lang='lat' dir='ltr'><strong>permulcet.</strong></span> <span class='ocrx_word' id='word_1_199' title='bbox 853 2016 1079 2094; x_wconf 81' lang='lat' dir='ltr'><strong>Fruges</strong></span> <span class='ocrx_word' id='word_1_200' title='bbox 1115 2035 1355 2096; x_wconf 87' lang='lat' dir='ltr'><strong>quoque</strong></span> <span class='ocrx_word' id='word_1_201' title='bbox 1394 2017 1787 2079; x_wconf 81' lang='lat' dir='ltr'><strong>maturitatem</strong></span> <span class='ocrx_word' id='word_1_202' title='bbox 1826 2025 2043 2078; x_wconf 85' lang='lat' dir='ltr'><strong>statuto</strong></span> <span class='ocrx_word' id='word_1_203' title='bbox 2072 2024 2352 2092; x_wconf 75' lang='lat' dir='ltr'><strong>tempore</strong></span> 
     </span>
     <span class='ocr_line' id='line_1_24' title="bbox 271 2100 2353 2183; baseline -0.002 -21"><span class='ocrx_word' id='word_1_204' title='bbox 271 2109 642 2182; x_wconf 81' lang='lat' dir='ltr'><strong>exspectant:</strong></span> <span class='ocrx_word' id='word_1_205' title='bbox 687 2101 836 2162; x_wconf 88' lang='lat' dir='ltr'><strong>adeo</strong></span> <span class='ocrx_word' id='word_1_206' title='bbox 873 2101 1048 2162; x_wconf 84' lang='lat' dir='ltr'><strong>etiam</strong></span> <span class='ocrx_word' id='word_1_207' title='bbox 1089 2100 1184 2162; x_wconf 81' lang='lat' dir='ltr'><strong>illa</strong></span> <span class='ocrx_word' id='word_1_208' title='bbox 1229 2121 1442 2164; x_wconf 88' lang='lat' dir='ltr'><strong>sensus</strong></span> <span class='ocrx_word' id='word_1_209' title='bbox 1476 2105 1671 2165; x_wconf 84' lang='lat' dir='ltr'><strong>omnis</strong></span> <span class='ocrx_word' id='word_1_210' title='bbox 1708 2101 1971 2183; x_wconf 77' lang='lat' dir='ltr'><strong>expertia</strong></span> <span class='ocrx_word' id='word_1_211' title='bbox 2012 2107 2221 2162; x_wconf 83' lang='lat' dir='ltr'><strong>tamen</strong></span> <span class='ocrx_word' id='word_1_212' title='bbox 2252 2115 2353 2158; x_wconf 85' lang='lat' dir='ltr'><strong>sua</strong></span> 
     </span>
    </p>

    <p class='ocr_par' dir='ltr' id='par_1_14' title="bbox 207 2185 2361 2610">
     <span class='ocr_line' id='line_1_25' title="bbox 207 2185 2355 2269; baseline -0.003 -18"><span class='ocrx_word' id='word_1_213' title='bbox 207 2188 398 2267; x_wconf 63' lang='lat' dir='ltr'><strong>alege</strong></span> <span class='ocrx_word' id='word_1_214' title='bbox 435 2188 770 2251; x_wconf 82' lang='lat' dir='ltr'><strong>mitescunt.</strong></span> <span class='ocrx_word' id='word_1_215' title='bbox 817 2185 1020 2260; x_wconf 77' lang='lat' dir='ltr'><strong>Quid?</strong></span> <span class='ocrx_word' id='word_1_216' title='bbox 1047 2189 1318 2263; x_wconf 79' lang='lat' dir='ltr'><strong>Creditis,</strong></span> <span class='ocrx_word' id='word_1_217' title='bbox 1360 2197 1449 2250; x_wconf 88' lang='lat' dir='ltr'><strong>tot</strong></span> <span class='ocrx_word' id='word_1_218' title='bbox 1484 2197 1709 2269; x_wconf 81' lang='lat' dir='ltr'><strong>gentes,</strong></span> <span class='ocrx_word' id='word_1_219' title='bbox 1742 2189 1980 2251; x_wconf 83' lang='lat' dir='ltr'><strong>alterius</strong></span> <span class='ocrx_word' id='word_1_220' title='bbox 2014 2186 2273 2266; x_wconf 87' lang='lat' dir='ltr'><strong>imperio</strong></span> <span class='ocrx_word' id='word_1_221' title='bbox 2296 2201 2355 2244; x_wconf 84' lang='lat' dir='ltr'><strong>ae</strong></span> 
     </span>
     <span class='ocr_line' id='line_1_26' title="bbox 271 2271 2358 2350; baseline -0.002 -14"><span class='ocrx_word' id='word_1_222' title='bbox 271 2273 512 2336; x_wconf 73' lang='lat' dir='ltr'><strong>nemine</strong></span> <span class='ocrx_word' id='word_1_223' title='bbox 535 2282 826 2348; x_wconf 74' lang='lat' dir='ltr'><strong>assuetae,</strong></span> <span class='ocrx_word' id='word_1_224' title='bbox 861 2293 982 2336; x_wconf 89' lang='lat' dir='ltr'><strong>non</strong></span> <span class='ocrx_word' id='word_1_225' title='bbox 1007 2275 1211 2348; x_wconf 79' lang='lat' dir='ltr'><strong>saeriS,</strong></span> <span class='ocrx_word' id='word_1_226' title='bbox 1242 2295 1362 2336; x_wconf 90' lang='lat' dir='ltr'><strong>non</strong></span> <span class='ocrx_word' id='word_1_227' title='bbox 1402 2277 1684 2350; x_wconf 87' lang='lat' dir='ltr'><strong>moribus,</strong></span> <span class='ocrx_word' id='word_1_228' title='bbox 1713 2294 1835 2337; x_wconf 84' lang='lat' dir='ltr'><strong>non</strong></span> <span class='ocrx_word' id='word_1_229' title='bbox 1861 2271 2229 2336; x_wconf 79' lang='lat' dir='ltr'><strong>eommereio</strong></span> <span class='ocrx_word' id='word_1_230' title='bbox 2252 2271 2358 2333; x_wconf 86' lang='lat' dir='ltr'><strong>lin-</strong></span> 
     </span>
     <span class='ocr_line' id='line_1_27' title="bbox 273 2360 2359 2442; baseline -0.001 -20"><span class='ocrx_word' id='word_1_231' title='bbox 273 2375 420 2440; x_wconf 74' lang='lat' dir='ltr'><strong>guae</strong></span> <span class='ocrx_word' id='word_1_232' title='bbox 458 2360 767 2422; x_wconf 83' lang='lat' dir='ltr'><strong>nobiseum</strong></span> <span class='ocrx_word' id='word_1_233' title='bbox 807 2362 1213 2436; x_wconf 80' lang='lat' dir='ltr'><strong>cohaerenteS,</strong></span> <span class='ocrx_word' id='word_1_234' title='bbox 1256 2361 1467 2424; x_wconf 88' lang='lat' dir='ltr'><strong>eodem</strong></span> <span class='ocrx_word' id='word_1_235' title='bbox 1501 2362 1727 2442; x_wconf 85' lang='lat' dir='ltr'><strong>proelio</strong></span> <span class='ocrx_word' id='word_1_236' title='bbox 1762 2360 2015 2422; x_wconf 83' lang='lat' dir='ltr'><strong>domitas</strong></span> <span class='ocrx_word' id='word_1_237' title='bbox 2042 2377 2205 2431; x_wconf 87' lang='lat' dir='ltr'><strong>esse,</strong></span> <span class='ocrx_word' id='word_1_238' title='bbox 2247 2377 2359 2437; x_wconf 88' lang='lat' dir='ltr'><strong>quo</strong></span> 
     </span>
     <span class='ocr_line' id='line_1_28' title="bbox 269 2443 2361 2524; baseline 0 -18"><span class='ocrx_word' id='word_1_239' title='bbox 269 2446 456 2511; x_wconf 66' lang='lat' dir='ltr'><strong>vietae</strong></span> <span class='ocrx_word' id='word_1_240' title='bbox 473 2455 614 2506; x_wconf 79' lang='lat' dir='ltr'><strong>sunt</strong></span> <span class='ocrx_word' id='word_1_241' title='bbox 629 2443 663 2505; x_wconf 78' lang='lat'><strong>⁶?</strong></span> <span class='ocrx_word' id='word_1_242' title='bbox 704 2445 932 2506; x_wconf 80' lang='lat' dir='ltr'><strong>Vestn‘s</strong></span> <span class='ocrx_word' id='word_1_243' title='bbox 951 2447 1130 2508; x_wconf 86' lang='lat' dir='ltr'><strong>armis</strong></span> <span class='ocrx_word' id='word_1_244' title='bbox 1153 2449 1549 2522; x_wconf 85' lang='lat' dir='ltr'><strong>eontinentur,</strong></span> <span class='ocrx_word' id='word_1_245' title='bbox 1575 2467 1697 2510; x_wconf 85' lang='lat' dir='ltr'><strong>non</strong></span> <span class='ocrx_word' id='word_1_246' title='bbox 1722 2449 1845 2510; x_wconf 87' lang='lat' dir='ltr'><strong>suis</strong></span> <span class='ocrx_word' id='word_1_247' title='bbox 1868 2446 2155 2518; x_wconf 84' lang='lat' dir='ltr'><strong>moribus,</strong></span> <span class='ocrx_word' id='word_1_248' title='bbox 2182 2452 2243 2505; x_wconf 91' lang='lat' dir='ltr'><strong>et</strong></span> <span class='ocrx_word' id='word_1_249' title='bbox 2265 2444 2361 2524; x_wconf 88' lang='lat' dir='ltr'><strong>qui</strong></span> 
     </span>
     <span class='ocr_line' id='line_1_29' title="bbox 271 2531 2361 2610; baseline 0 -20"><span class='ocrx_word' id='word_1_250' title='bbox 271 2539 624 2610; x_wconf 76' lang='lat' dir='ltr'><strong>praesentes</strong></span> <span class='ocrx_word' id='word_1_251' title='bbox 649 2541 936 2606; x_wconf 79' lang='lat' dir='ltr'><strong>metuunt,</strong></span> <span class='ocrx_word' id='word_1_252' title='bbox 959 2533 1021 2593; x_wconf 84' lang='lat' dir='ltr'><strong>in</strong></span> <span class='ocrx_word' id='word_1_253' title='bbox 1049 2533 1315 2595; x_wconf 85' lang='lat' dir='ltr'><strong>absentia</strong></span> <span class='ocrx_word' id='word_1_254' title='bbox 1342 2534 1545 2596; x_wconf 87' lang='lat' dir='ltr'><strong>hostes</strong></span> <span class='ocrx_word' id='word_1_255' title='bbox 1576 2545 1766 2597; x_wconf 85' lang='lat' dir='ltr'><strong>erunt.</strong></span> <span class='ocrx_word' id='word_1_256' title='bbox 1812 2535 1955 2596; x_wconf 87' lang='lat' dir='ltr'><strong>Cum</strong></span> <span class='ocrx_word' id='word_1_257' title='bbox 1982 2533 2127 2593; x_wconf 83' lang='lat' dir='ltr'><strong>feris</strong></span> <span class='ocrx_word' id='word_1_258' title='bbox 2158 2531 2361 2592; x_wconf 86' lang='lat' dir='ltr'><strong>bestiis</strong></span> 
     </span>
    </p>

    <p class='ocr_par' dir='ltr' id='par_1_15' title="bbox 189 2619 2360 2780">
     <span class='ocr_line' id='line_1_30' title="bbox 189 2619 2360 2704; baseline 0 -26"><span class='ocrx_word' id='word_1_259' title='bbox 189 2644 197 2654; x_wconf 91' lang='lat'><em>·</em></span> <span class='ocrx_word' id='word_1_260' title='bbox 271 2634 372 2678; x_wconf 83' lang='lat' dir='ltr'><strong>res</strong></span> <span class='ocrx_word' id='word_1_261' title='bbox 399 2624 510 2688; x_wconf 85' lang='lat' dir='ltr'><strong>est,</strong></span> <span class='ocrx_word' id='word_1_262' title='bbox 536 2633 684 2694; x_wconf 87' lang='lat' dir='ltr'><strong>quas</strong></span> <span class='ocrx_word' id='word_1_263' title='bbox 708 2625 908 2696; x_wconf 78' lang='lat' dir='ltr'><strong>captas</strong></span> <span class='ocrx_word' id='word_1_264' title='bbox 927 2626 987 2680; x_wconf 88' lang='lat' dir='ltr'><strong>et</strong></span> <span class='ocrx_word' id='word_1_265' title='bbox 1011 2619 1285 2694; x_wconf 85' lang='lat' dir='ltr'><strong>inclusas,</strong></span> <span class='ocrx_word' id='word_1_266' title='bbox 1312 2621 1446 2699; x_wconf 79' lang='lat' dir='ltr'><strong>quia</strong></span> <span class='ocrx_word' id='word_1_267' title='bbox 1472 2621 1737 2704; x_wconf 81' lang='lat' dir='ltr'><strong>ipsarum</strong></span> <span class='ocrx_word' id='word_1_268' title='bbox 1762 2631 1970 2682; x_wconf 82' lang='lat' dir='ltr'><strong>natura</strong></span> <span class='ocrx_word' id='word_1_269' title='bbox 1990 2621 2117 2680; x_wconf 83' lang='lat' dir='ltr'><strong>non</strong></span> <span class='ocrx_word' id='word_1_270' title='bbox 2144 2623 2360 2697; x_wconf 85' lang='lat' dir='ltr'><strong>potest,</strong></span> 
     </span>
     <span class='ocr_line' id='line_1_31' title="bbox 271 2700 924 2780; baseline 0.003 -18"><span class='ocrx_word' id='word_1_271' title='bbox 271 2700 507 2780; x_wconf 74' lang='lat' dir='ltr'><strong>longior</strong></span> <span class='ocrx_word' id='word_1_272' title='bbox 531 2701 658 2764; x_wconf 86' lang='lat' dir='ltr'><strong>dies</strong></span> <span class='ocrx_word' id='word_1_273' title='bbox 681 2703 924 2780; x_wconf 77' lang='lat' dir='ltr'><strong>mitigat.</strong></span> 
     </span>
    </p>

    <p class='ocr_par' dir='ltr' id='par_1_16' title="bbox 212 2787 2406 3127">
     <span class='ocr_line' id='line_1_32' title="bbox 212 2787 2406 2871; baseline 0 -23"><span class='ocrx_word' id='word_1_274' title='bbox 212 2797 254 2858; x_wconf 81' lang='grc'><strong>9</strong></span> <span class='ocrx_word' id='word_1_275' title='bbox 401 2787 476 2848; x_wconf 83' lang='lat' dir='ltr'><strong>Et</strong></span> <span class='ocrx_word' id='word_1_276' title='bbox 499 2789 698 2864; x_wconf 76' lang='lat' dir='ltr'><strong>adhue</strong></span> <span class='ocrx_word' id='word_1_277' title='bbox 721 2788 808 2850; x_wconf 84' lang='lat' dir='ltr'><strong>sie</strong></span> <span class='ocrx_word' id='word_1_278' title='bbox 833 2807 962 2868; x_wconf 85' lang='lat' dir='ltr'><strong>ago,</strong></span> <span class='ocrx_word' id='word_1_279' title='bbox 997 2796 1285 2868; x_wconf 74' lang='lat' dir='ltr'><strong>tanquam</strong></span> <span class='ocrx_word' id='word_1_280' title='bbox 1310 2789 1509 2853; x_wconf 84' lang='lat' dir='ltr'><strong>omnia</strong></span> <span class='ocrx_word' id='word_1_281' title='bbox 1542 2792 1785 2855; x_wconf 78' lang='lat' dir='ltr'><strong>subacta</strong></span> <span class='ocrx_word' id='word_1_282' title='bbox 1816 2790 1937 2852; x_wconf 87' lang='lat' dir='ltr'><strong>sint</strong></span> <span class='ocrx_word' id='word_1_283' title='bbox 1969 2787 2177 2858; x_wconf 49' lang='lat' dir='ltr'><strong>&gt;ai-mis,</strong></span> <span class='ocrx_word' id='word_1_284' title='bbox 2212 2805 2365 2871; x_wconf 85' lang='lat' dir='ltr'><strong>quae</strong></span> <span class='ocrx_word' id='word_1_285' title='bbox 2405 2837 2406 2868; x_wconf 17' lang='grc' dir='ltr'>ἲ</span> 
     </span>
     <span class='ocr_line' id='line_1_33' title="bbox 274 2874 2365 2957; baseline -0 -22"><span class='ocrx_word' id='word_1_286' title='bbox 274 2874 512 2952; x_wconf 53' lang='lat' dir='ltr'><strong>suetum</strong></span> <span class='ocrx_word' id='word_1_287' title='bbox 529 2874 590 2935; x_wconf 88' lang='lat' dir='ltr'><strong>in</strong></span> <span class='ocrx_word' id='word_1_288' title='bbox 609 2874 830 2936; x_wconf 89' lang='lat' dir='ltr'><strong>ditione</strong></span> <span class='ocrx_word' id='word_1_289' title='bbox 843 2875 1032 2937; x_wconf 72' lang='lat' dir='ltr'><strong>Darei.</strong></span> <span class='ocrx_word' id='word_1_290' title='bbox 1060 2875 1405 2957; x_wconf 76' lang='lat' dir='ltr'><strong>Hyrcaniam</strong></span> <span class='ocrx_word' id='word_1_291' title='bbox 1420 2877 1793 2940; x_wconf 72' lang='lat' dir='ltr'><strong>Nabarzanes</strong></span> <span class='ocrx_word' id='word_1_292' title='bbox 1808 2875 2141 2955; x_wconf 80' lang='lat' dir='ltr'><strong>occupavit,</strong></span> <span class='ocrx_word' id='word_1_293' title='bbox 2156 2874 2365 2936; x_wconf 80' lang='lat' dir='ltr'><strong>Bactra</strong></span> 
     </span>
     <span class='ocr_line' id='line_1_34' title="bbox 273 2959 2367 3043; baseline -0.002 -19"><span class='ocrx_word' id='word_1_294' title='bbox 273 2979 404 3024; x_wconf 76' lang='lat' dir='ltr'><strong>nou</strong></span> <span class='ocrx_word' id='word_1_295' title='bbox 427 2961 619 3025; x_wconf 78' lang='lat' dir='ltr'><strong>solum</strong></span> <span class='ocrx_word' id='word_1_296' title='bbox 654 2962 922 3042; x_wconf 82' lang='lat' dir='ltr'><strong>possidet</strong></span> <span class='ocrx_word' id='word_1_297' title='bbox 945 2959 1237 3043; x_wconf 77' lang='lat' dir='ltr'><strong>parricida</strong></span> <span class='ocrx_word' id='word_1_298' title='bbox 1260 2963 1503 3038; x_wconf 77' lang='lat' dir='ltr'><strong>BessuS,</strong></span> <span class='ocrx_word' id='word_1_299' title='bbox 1540 2965 1645 3026; x_wconf 84' lang='lat' dir='ltr'><strong>sed</strong></span> <span class='ocrx_word' id='word_1_300' title='bbox 1674 2963 1848 3026; x_wconf 83' lang='lat' dir='ltr'><strong>etiam</strong></span> <span class='ocrx_word' id='word_1_301' title='bbox 1876 2963 2157 3024; x_wconf 81' lang='lat' dir='ltr'><strong>minatur.</strong></span> <span class='ocrx_word' id='word_1_302' title='bbox 2217 2963 2367 3038; x_wconf 83' lang='lat' dir='ltr'><strong>Sog-</strong></span> 
     </span>
     <span class='ocr_line' id='line_1_35' title="bbox 277 3045 2365 3127; baseline -0.001 -17"><span class='ocrx_word' id='word_1_303' title='bbox 277 3047 456 3122; x_wconf 82' lang='lat' dir='ltr'><strong>diani,</strong></span> <span class='ocrx_word' id='word_1_304' title='bbox 479 3047 696 3123; x_wconf 80' lang='lat' dir='ltr'><strong>Dahae,</strong></span> <span class='ocrx_word' id='word_1_305' title='bbox 724 3050 1108 3127; x_wconf 67' lang='lat' dir='ltr'><strong>Massagetae,</strong></span> <span class='ocrx_word' id='word_1_306' title='bbox 1136 3049 1337 3124; x_wconf 79' lang='lat' dir='ltr'><strong>Sacae,</strong></span> <span class='ocrx_word' id='word_1_307' title='bbox 1374 3051 1506 3114; x_wconf 80' lang='lat' dir='ltr'><strong>ludi</strong></span> <span class='ocrx_word' id='word_1_308' title='bbox 1532 3051 1625 3114; x_wconf 89' lang='lat' dir='ltr'><strong>sui</strong></span> <span class='ocrx_word' id='word_1_309' title='bbox 1646 3050 1799 3113; x_wconf 85' lang='lat' dir='ltr'><strong>iuris</strong></span> <span class='ocrx_word' id='word_1_310' title='bbox 1824 3056 1979 3112; x_wconf 88' lang='lat' dir='ltr'><strong>sunt.</strong></span> <span class='ocrx_word' id='word_1_311' title='bbox 2032 3047 2271 3110; x_wconf 83' lang='lat' dir='ltr'><strong>Omnes</strong></span> <span class='ocrx_word' id='word_1_312' title='bbox 2292 3045 2365 3117; x_wconf 82' lang='lat' dir='ltr'><strong>hi,</strong></span> 
     </span>
    </p>

    <p class='ocr_par' dir='ltr' id='par_1_17' title="bbox 177 3133 2406 3476">
     <span class='ocr_line' id='line_1_36' title="bbox 177 3133 2367 3218; baseline -0.004 -17"><span class='ocrx_word' id='word_1_313' title='bbox 177 3133 453 3203; x_wconf 72' lang='lat' dir='ltr'><strong>lsszsimul</strong></span> <span class='ocrx_word' id='word_1_314' title='bbox 472 3143 638 3215; x_wconf 73' lang='lat' dir='ltr'><strong>terga</strong></span> <span class='ocrx_word' id='word_1_315' title='bbox 663 3146 866 3200; x_wconf 87' lang='lat' dir='ltr'><strong>nostra</strong></span> <span class='ocrx_word' id='word_1_316' title='bbox 889 3137 1157 3210; x_wconf 82' lang='lat' dir='ltr'><strong>viderint,</strong></span> <span class='ocrx_word' id='word_1_317' title='bbox 1186 3147 1527 3218; x_wconf 79' lang='lat' dir='ltr'><strong>sequentur.</strong></span> <span class='ocrx_word' id='word_1_318' title='bbox 1572 3137 1659 3199; x_wconf 87' lang='lat' dir='ltr'><strong>ll-li</strong></span> <span class='ocrx_word' id='word_1_319' title='bbox 1688 3137 1843 3200; x_wconf 89' lang='lat' dir='ltr'><strong>enim</strong></span> <span class='ocrx_word' id='word_1_320' title='bbox 1873 3135 2145 3198; x_wconf 87' lang='lat' dir='ltr'><strong>eiusdem</strong></span> <span class='ocrx_word' id='word_1_321' title='bbox 2178 3134 2367 3197; x_wconf 87' lang='lat' dir='ltr'><strong>natio-</strong></span> 
     </span>
     <span class='ocr_line' id='line_1_37' title="bbox 277 3220 2370 3302; baseline -0.002 -18"><span class='ocrx_word' id='word_1_322' title='bbox 277 3220 374 3284; x_wconf 80' lang='lat' dir='ltr'><strong>nis</strong></span> <span class='ocrx_word' id='word_1_323' title='bbox 399 3223 556 3294; x_wconf 78' lang='lat' dir='ltr'><strong>sunt,</strong></span> <span class='ocrx_word' id='word_1_324' title='bbox 591 3241 704 3284; x_wconf 88' lang='lat' dir='ltr'><strong>nos</strong></span> <span class='ocrx_word' id='word_1_325' title='bbox 737 3223 1100 3302; x_wconf 82' lang='lat' dir='ltr'><strong>alienigenae</strong></span> <span class='ocrx_word' id='word_1_326' title='bbox 1129 3231 1188 3283; x_wconf 86' lang='lat' dir='ltr'><strong>et</strong></span> <span class='ocrx_word' id='word_1_327' title='bbox 1223 3225 1470 3287; x_wconf 83' lang='lat' dir='ltr'><strong>externi.</strong></span> <span class='ocrx_word' id='word_1_328' title='bbox 1528 3223 1663 3286; x_wconf 87' lang='lat' dir='ltr'><strong>Suis</strong></span> <span class='ocrx_word' id='word_1_329' title='bbox 1690 3232 1885 3286; x_wconf 85' lang='lat' dir='ltr'><strong>autem</strong></span> <span class='ocrx_word' id='word_1_330' title='bbox 1914 3221 2178 3302; x_wconf 73' lang='lat' dir='ltr'><strong>quisque</strong></span> <span class='ocrx_word' id='word_1_331' title='bbox 2202 3225 2370 3301; x_wconf 81' lang='lat' dir='ltr'><strong>paret</strong></span> 
     </span>
     <span class='ocr_line' id='line_1_38' title="bbox 275 3305 2372 3392; baseline -0.002 -22"><span class='ocrx_word' id='word_1_332' title='bbox 275 3307 588 3390; x_wconf 67' lang='lat' dir='ltr'><strong>placidius,</strong></span> <span class='ocrx_word' id='word_1_333' title='bbox 603 3307 773 3370; x_wconf 86' lang='lat' dir='ltr'><strong>etiam</strong></span> <span class='ocrx_word' id='word_1_334' title='bbox 793 3326 974 3390; x_wconf 79' lang='lat' dir='ltr'><strong>quum</strong></span> <span class='ocrx_word' id='word_1_335' title='bbox 994 3308 1046 3370; x_wconf 89' lang='lat' dir='ltr'><strong>is</strong></span> <span class='ocrx_word' id='word_1_336' title='bbox 1061 3317 1314 3392; x_wconf 83' lang='lat' dir='ltr'><strong>praeest,</strong></span> <span class='ocrx_word' id='word_1_337' title='bbox 1330 3309 1428 3390; x_wconf 84' lang='lat' dir='ltr'><strong>qui</strong></span> <span class='ocrx_word' id='word_1_338' title='bbox 1447 3310 1635 3390; x_wconf 84' lang='lat' dir='ltr'><strong>magis</strong></span> <span class='ocrx_word' id='word_1_339' title='bbox 1654 3310 1847 3372; x_wconf 86' lang='lat' dir='ltr'><strong>timeri</strong></span> <span class='ocrx_word' id='word_1_340' title='bbox 1864 3315 2082 3389; x_wconf 85' lang='lat' dir='ltr'><strong>potest.</strong></span> <span class='ocrx_word' id='word_1_341' title='bbox 2106 3305 2372 3369; x_wconf 82' lang='lat' dir='ltr'><strong>Proinde</strong></span> 
     </span>
     <span class='ocr_line' id='line_1_39' title="bbox 281 3393 2374 3476; baseline 0 -20"><span class='ocrx_word' id='word_1_342' title='bbox 281 3403 382 3456; x_wconf 79' lang='lat' dir='ltr'><strong>aut</strong></span> <span class='ocrx_word' id='word_1_343' title='bbox 407 3413 558 3476; x_wconf 81' lang='lat' dir='ltr'><strong>quae</strong></span> <span class='ocrx_word' id='word_1_344' title='bbox 579 3393 1196 3476; x_wconf 73' lang='lat' dir='ltr'><strong>cepimusomittenda</strong></span> <span class='ocrx_word' id='word_1_345' title='bbox 1226 3404 1381 3467; x_wconf 86' lang='lat' dir='ltr'><strong>sun-t,</strong></span> <span class='ocrx_word' id='word_1_346' title='bbox 1408 3405 1508 3458; x_wconf 85' lang='lat' dir='ltr'><strong>aut</strong></span> <span class='ocrx_word' id='word_1_347' title='bbox 1536 3413 1687 3476; x_wconf 85' lang='lat' dir='ltr'><strong>quae</strong></span> <span class='ocrx_word' id='word_1_348' title='bbox 1714 3396 2159 3458; x_wconf 77' lang='lat' dir='ltr'><strong>nou·habe1nus</strong></span> <span class='ocrx_word' id='word_1_349' title='bbox 2190 3411 2374 3456; x_wconf 82' lang='lat' dir='ltr'><strong>oecu-</strong></span> 
     </span>
    </p>

    <p class='ocr_par' dir='ltr' id='par_1_18' title="bbox 182 3471 2406 3651">
     <span class='ocr_line' id='line_1_40' title="bbox 182 3471 2406 3563; baseline -0.001 -20"><span class='ocrx_word' id='word_1_350' title='bbox 182 3478 262 3543; x_wconf 90' lang='lat'><strong>11</strong></span> <span class='ocrx_word' id='word_1_351' title='bbox 284 3481 502 3562; x_wconf 77' lang='lat' dir='ltr'><strong>panda.</strong></span> <span class='ocrx_word' id='word_1_352' title='bbox 537 3482 702 3544; x_wconf 87' lang='lat' dir='ltr'><strong>Sicut</strong></span> <span class='ocrx_word' id='word_1_353' title='bbox 718 3480 780 3543; x_wconf 87' lang='lat' dir='ltr'><strong>in</strong></span> <span class='ocrx_word' id='word_1_354' title='bbox 801 3479 1150 3561; x_wconf 78' lang='lat' dir='ltr'><strong>corporibus</strong></span> <span class='ocrx_word' id='word_1_355' title='bbox 1173 3482 1387 3561; x_wconf 83' lang='lat' dir='ltr'><strong>aegris,</strong></span> <span class='ocrx_word' id='word_1_356' title='bbox 1414 3482 1645 3552; x_wconf 84' lang='lat' dir='ltr'><strong>milites,</strong></span> <span class='ocrx_word' id='word_1_357' title='bbox 1668 3483 1811 3544; x_wconf 87' lang='lat' dir='ltr'><strong>nihil</strong></span> <span class='ocrx_word' id='word_1_358' title='bbox 1836 3481 1997 3563; x_wconf 84' lang='lat' dir='ltr'><strong>quod</strong></span> <span class='ocrx_word' id='word_1_359' title='bbox 2024 3481 2377 3542; x_wconf 79' lang='lat' dir='ltr'><strong>nociturum</strong></span> <span class='ocrx_word' id='word_1_360' title='bbox 2405 3471 2406 3500; x_wconf 65' lang='lat'>³</span> 
     </span>
     <span class='ocr_line' id='line_1_41' title="bbox 287 3567 2377 3651; baseline -0 -22"><span class='ocrx_word' id='word_1_361' title='bbox 287 3575 378 3629; x_wconf 64' lang='lat' dir='ltr'><strong>*st</strong></span> <span class='ocrx_word' id='word_1_362' title='bbox 399 3568 614 3632; x_wconf 81' lang='lat' dir='ltr'><strong>medici</strong></span> <span class='ocrx_word' id='word_1_363' title='bbox 637 3569 1004 3650; x_wconf 82' lang='lat' dir='ltr'><strong>relinquunt,</strong></span> <span class='ocrx_word' id='word_1_364' title='bbox 1027 3570 1116 3634; x_wconf 84' lang='lat' dir='ltr'><strong>sie</strong></span> <span class='ocrx_word' id='word_1_365' title='bbox 1133 3587 1267 3646; x_wconf 83' lang='lat' dir='ltr'><strong>nos,</strong></span> <span class='ocrx_word' id='word_1_366' title='bbox 1296 3567 1581 3651; x_wconf 76' lang='lat' dir='ltr'><strong>quidquid</strong></span> <span class='ocrx_word' id='word_1_367' title='bbox 1602 3569 1807 3634; x_wconf 73' lang='lat' dir='ltr'><strong>obstat</strong></span> <span class='ocrx_word' id='word_1_368' title='bbox 1831 3567 2103 3651; x_wconf 87' lang='lat' dir='ltr'><strong>imperio,</strong></span> <span class='ocrx_word' id='word_1_369' title='bbox 2134 3567 2377 3632; x_wconf 67' lang='lat' dir='ltr'><strong>recida-</strong></span> 
     </span>
    </p>
   </div>
   <div class='ocr_carea' id='block_1_5' title="bbox 2401 1916 2411 3846">
    <p class='ocr_par' dir='ltr' id='par_1_19' title="bbox 2401 1916 2411 3846">
     <span class='ocr_line' id='line_1_42' title="bbox 2401 1916 2411 3846; baseline 0 0"><span class='ocrx_word' id='word_1_370' title='bbox 2401 1916 2411 3846; x_wconf 95' lang='lat' dir='ltr'><strong> </strong></span> 
     </span>
    </p>
   </div>
  </div>
 </body>
</html>
