2417 3900
545 105 685 167 LIB.
731 105 829 167 IX.
876 102 1054 183 (vn.)
1100 102 1258 163 CAP.
1301 103 1376 163 11.
1421 98 1672 163 8—29.
2025 105 2149 167 185

84 221 375 283 beluarum
412 241 487 283 an
524 223 835 284 multitudo
872 220 1129 281 hostium
1167 218 1392 281 terret?
1437 221 1610 294 Quod
1649 221 1904 301 pertinet
1927 225 2002 285 ad
2035 228 2157 287 ele-

85 309 355 387 phantoS,
402 327 684 387 praesens
723 307 1011 368 habemus
1054 306 1418 385 exemplum:
1466 305 1528 366 in
1573 326 1715 367 suos
1754 308 2156 373 vehementius

86 412 247 473 quam
269 394 330 455 in
353 413 466 455 nos
491 394 893 467 incurrerunt,
937 400 1055 451 tam
1082 401 1245 450 vasta
1274 408 1520 471 corpora
1548 392 1854 454 securibus
1882 395 2158 457 falcibus-

82 499 188 559 que
215 479 475 541 mutilata
502 487 659 540 sunt.
706 477 859 551 Quid
889 484 1079 537 autem
1117 476 1382 550 interest,
1427 476 1667 539 totidem
1703 477 1836 553 sint,
1877 491 2022 560 quot
2046 481 2158 541 Po-
2177 489 2261 552 20

76 583 175 627 rus
198 564 425 639 habuit,
465 583 538 624 an
562 563 670 625 tria
700 563 873 635 milia,
901 579 1079 641 quum
1105 581 1227 622 uno
1256 570 1356 623 aut
1380 562 1560 622 altero
1585 564 1901 626 vulneratis
1928 567 2157 627 ceteros

73 648 133 712 in
172 653 371 730 fugam
418 648 692 711 declinari
730 644 1077 709 videamus?
1138 647 1366 708 Deinde
1403 666 1625 727 paucos
1663 650 1897 729 quoque
1934 650 2161 712 incom-
2181 658 2261 721 21

72 739 251 798 mode
276 745 519 815 regunt:
562 743 908 813 congregata
932 752 1069 795 vero
1095 741 1183 794 tot
1209 732 1368 794 milia
1391 734 1519 815 ipsa
1559 752 1623 795 se
1648 736 1887 809 elidunt,
1930 736 2030 797 ubi
2054 756 2166 798 nec

72 830 232 883 stare
259 840 371 881 nec
396 822 598 900 fugere
634 820 935 900 potuerint
957 819 1247 880 inhabiles
1273 827 1572 881 vastorum
1610 839 1922 902 corporum
1951 825 2160 884 moles.

70 907 358 986 Equidem
394 907 478 968 sic
504 906 772 969 animalia
804 906 914 967 ista
945 904 1293 985 contempsi,
1337 914 1420 981 ut,
1469 924 1647 987 quum
1685 907 1985 982 haberem,
2031 910 2162 989 ipse

70 1012 197 1053 non
225 994 621 1073 opposuerint,
658 992 797 1053 satis
827 1010 1063 1071 gnarus»,
1105 992 1238 1070 plus
1265 992 1388 1052 suis
1418 1010 1588 1071 quam
1617 994 1884 1055 hostibus
1913 994 2159 1075 periculi

67 1078 301 1140 inferre.
348 1080 419 1141 At
449 1080 602 1140 enim
628 1080 888 1158 equitum
917 1078 1295 1158 peditumque
1327 1078 1635 1139 multitudo
1661 1098 1766 1140 vos
1797 1078 2152 1141 commovet!
2179 1088 2261 1150 22

72 1164 214 1225 Cum
242 1165 443 1244 paucis
470 1167 627 1225 enim
658 1182 924 1243 pugnare
948 1162 1103 1223 soliti
1126 1163 1289 1236 estis,
1337 1170 1395 1222 et
1422 1181 1579 1223 nunc
1604 1165 1860 1243 primum
1884 1164 2159 1224 incondi-

68 1256 188 1311 tam
230 1250 593 1310 sustinebitis
625 1250 881 1309 turbam.
943 1245 1137 1307 Testis
1175 1248 1458 1307 adversus
1493 1248 1929 1308 multitudinem
1963 1247 2160 1308 invicti
2180 1258 2262 1320 23

68 1334 460 1395 Macedonum
494 1334 729 1394 roboris
756 1332 1042 1392 Granicus
1070 1332 1280 1402 amnis,
1326 1339 1385 1391 et
1411 1330 1603 1390 Cilicia
1639 1332 1920 1394 inundata
1953 1352 2160 1393 cruore

68 1420 407 1491 Persarum,
450 1428 505 1479 et
543 1418 775 1489 Arbela,
820 1417 984 1477 cuius
1021 1417 1211 1495 campi
1250 1416 1610 1476 devictorum
1644 1434 1677 1475 a
1713 1417 1885 1479 nobis
1925 1418 2159 1479 ossibus

71 1506 238 1567 strati
262 1512 419 1564 sunt.
468 1504 616 1563 Sero
635 1502 895 1563 hostium
914 1501 1176 1579 legiones
1196 1518 1508 1562 numerare
1530 1501 1822 1581 coepistis,
1847 1512 2162 1583 postquam
2181 1510 2266 1571 24

70 1590 449 1653 solitudinem
475 1588 539 1649 in
568 1589 703 1649 Asia
743 1586 1032 1648 vincendo
1061 1586 1304 1648 fecistis,
1350 1587 1540 1660 Quum
1578 1606 1686 1671 per
1712 1587 2164 1667 Hellespontum

70 1677 516 1755 navigaremuS,
564 1674 637 1733 de
680 1672 969 1755 paucitate
1008 1680 1209 1733 nostra
1252 1671 1625 1751 cogitandum
1672 1672 1809 1735 fuit:
1852 1692 2012 1735 nunc
2053 1693 2164 1735 nos

72 1762 329 1841 Scythae
354 1767 701 1838 sequuntur,
748 1758 1053 1820 Bactriana
1084 1756 1298 1819 auxilia
1324 1768 1560 1839 praesto
1585 1766 1740 1833 sunt,
1783 1758 1984 1821 Dahae
2011 1758 2164 1839 Sog-

33 1898 35 1903 .
73 1846 353 1925 dianique
375 1846 527 1907 inter
555 1865 664 1906 nos
688 1844 957 1905 militant.

204 1933 327 1994 Nec
361 1940 558 1994 tamen
595 1932 673 1993 illi
699 1932 906 1993 turbae
943 1928 1195 1991 confido.
1258 1926 1498 1989 Vestras
1522 1940 1730 1990 manus
1758 1928 2012 2001 intueor,
2059 1949 2161 1990 ve-
2179 1941 2265 2002 25

70 2029 258 2082 stram
294 2017 563 2079 virtutem
605 2037 825 2092 rerum,
863 2034 1008 2096 quas
1036 2023 1310 2094 gesturus
1340 2033 1489 2087 sum,
1524 2015 1733 2076 vadem
1762 2016 2161 2095 praedemque

67 2106 283 2166 habeo.
331 2104 622 2177 Quamdiu
647 2102 984 2165 vobiscum
968 2119 1031 2165 m
1054 2101 1177 2162 acie
1198 2099 1386 2172 stabo,
1413 2117 1525 2160 nec
1547 2118 1743 2160 meum
1769 2120 1881 2162 nec
1902 2101 2163 2162 hostium

70 2191 364 2252 exercitus
398 2208 677 2251 numero:
723 2208 828 2250 vos
862 2187 1042 2249 modo
1071 2184 1300 2246 animos
1329 2184 1472 2245 mihi
1510 2184 1720 2263 plenos
1759 2185 2066 2248 alacritatis
2095 2204 2164 2246 ac

68 2276 319 2337 fiduciae
357 2275 651 2336 adhibete.
720 2274 852 2335 Non
896 2274 959 2333 in
992 2271 1198 2342 ,limine
1229 2288 1476 2348 operum
1503 2269 1887 2350 laborumque
1921 2280 2162 2333 nostro-
2179 2279 2264 2341 26

68 2381 225 2433 rum,
252 2361 355 2421 sed
376 2361 434 2420 in
458 2361 613 2421 exitu
633 2369 886 2421 stamus:
914 2356 1286 2438 pervenimus
1307 2355 1381 2416 ad
1403 2353 1544 2416 solis
1565 2364 1758 2416 ortum
1779 2365 1836 2418 et
1857 2375 2159 2429 oceanum,

68 2449 185 2509 nisi
214 2447 406 2507 obstat
427 2445 681 2524 ignavia:
709 2445 849 2507 inde
875 2445 1125 2505 victores
1148 2441 1481 2521 perdomito
1507 2441 1625 2501 fine
1645 2451 1931 2505 terrarum
1961 2461 2160 2504 rever-

69 2544 269 2594 temur
293 2531 351 2591 in
381 2531 646 2611 patriam.
692 2531 903 2604 Nolite,
940 2529 1097 2609 quod
1127 2527 1280 2607 pigri
1311 2525 1600 2605 agricolae
1627 2526 1862 2603 faciunt,
1896 2538 2159 2590 maturos

70 2620 299 2680 fructus
329 2637 436 2697 per
460 2617 725 2679 inertiam
758 2615 1025 2677 amittere
1050 2633 1082 2674 e
1108 2613 1402 2675 manibus.
1463 2611 1681 2674 Maiora
1720 2623 1856 2676 sunt
1880 2615 2158 2696 periculis
2179 2619 2262 2682 27

72 2702 361 2784 praemia:
411 2705 574 2764 dives
602 2704 807 2764 eadem
834 2709 890 2762 et
915 2699 1162 2763 imbellis
1190 2707 1279 2760 est
1303 2699 1486 2778 regio.
1551 2698 1756 2778 Itaque
1782 2719 1904 2761 non
1938 2711 2053 2762 tam
2084 2703 2160 2763 ad

70 2789 315 2869 gloriam
344 2809 448 2850 vos
474 2789 625 2851 duco
652 2807 825 2868 quam
853 2788 925 2847 ad
956 2787 1254 2867 praedam.
1298 2785 1468 2864 Digni
1495 2784 1653 2859 estis,
1695 2786 1793 2864 qui
1817 2805 1981 2866 opes,
2014 2807 2158 2868 quas

70 2876 217 2936 illud
241 2894 399 2936 mare
424 2876 691 2938 litoribus
720 2873 956 2946 invehit,
996 2871 1343 2932 referatisin
1368 2871 1632 2950 patriam,
1672 2871 1850 2950 digni,
1893 2874 1991 2952 qui
2017 2874 2159 2936 nihil

70 2962 459 3039 inexpertum,
489 2962 628 3022 nihil
649 2973 807 3024 metu
829 2960 1109 3022 omissum
1134 2957 1497 3036 relinquatis.
1541 2957 1656 3018 Per
1674 2977 1776 3018 vos
1798 2959 2158 3039 gloriamque
2176 2960 2260 3022 28

70 3058 346 3120 vestram,
392 3066 504 3126 qua
541 3049 860 3109 humanum
893 3044 1189 3122 fastigium
1229 3043 1525 3117 exceditiS,
1571 3062 1794 3125 perque
1833 3052 1892 3104 et
1925 3063 2056 3105 mea
2095 3045 2157 3104 in

70 3153 180 3193 vos
204 3141 259 3194 et
278 3134 337 3194 in
359 3151 452 3192 me
474 3140 665 3193 vestra
690 3132 912 3207 merita,
942 3128 1153 3212 quibus
1173 3128 1368 3191 invicti
1391 3131 1818 3203 contendimus,
1845 3149 1950 3190 oro
1976 3145 2158 3207 quae-

72 3238 291 3300 soque,
342 3237 419 3279 ne
464 3218 851 3281 humanarum
894 3235 1094 3280 rerum
1135 3215 1420 3276 terminos
1466 3216 1806 3287 adeuntem,
1856 3215 2154 3274 alumnum

72 3304 651 3381 commilitonemque
679 3312 952 3377 vestrum,
991 3322 1066 3365 ne
1094 3300 1284 3362 dicam
1315 3317 1536 3380 regem,
1581 3299 1885 3363 deseratis·
1951 3297 2157 3361 Cetera
2174 3297 2256 3361 29

73 3387 287 3450 vobis
271 3387 584 3466 imperavi,
625 3389 739 3448 hoc
762 3408 940 3450 unum
970 3387 1278 3449 debiturus
1314 3405 1464 3448 sum.
1529 3387 1643 3448 Et
1627 3407 1676 3448 is
1709 3403 1816 3443 vos
1841 3401 2008 3462 rogo,
2056 3385 2157 3466 qui

74 3475 218 3536 nihil
240 3491 498 3552 unquam
517 3473 681 3533 vobis
703 3475 994 3554 praecepi,
1016 3473 1153 3571 quin
1175 3471 1399 3552 primus
1415 3489 1509 3532 me
1525 3468 1798 3550 periculis
1819 3467 2152 3548 obtulerim,

78 3563 175 3640 qui
198 3577 381 3640 saepe
404 3558 585 3620 aciem
611 3559 796 3639 clipeo
820 3579 952 3620 meo
977 3559 1121 3621 texi:
1154 3576 1232 3617 ne
1253 3555 1644 3636 infregeritis
1628 3573 1688 3615 m
1711 3553 1982 3620 manibus
2004 3560 2153 3623 meis
