<?xml version="1.0" encoding="UTF-8"?>
<!DOCTYPE html PUBLIC "-//W3C//DTD XHTML 1.0 Transitional//EN"
    "http://www.w3.org/TR/xhtml1/DTD/xhtml1-transitional.dtd">
<html xmlns="http://www.w3.org/1999/xhtml" xml:lang="en" lang="en">
 <head>
  <title>
</title>
<meta http-equiv="Content-Type" content="text/html;charset=utf-8" />
  <meta name='ocr-system' content='tesseract 3.04.00' />
  <meta name='ocr-capabilities' content='ocr_page ocr_carea ocr_par ocr_line ocrx_word'/>
</head>
<body>
  <div class='ocr_page' id='page_1' title='image "./qcurtiirufidege00kochgoog_0069.png"; bbox 0 0 2417 3900; ppageno 0'>
   <div class='ocr_carea' id='block_1_1' title="bbox 213 67 1825 179">
    <p class='ocr_par' dir='ltr' id='par_1_1' title="bbox 213 67 1825 179">
     <span class='ocr_line' id='line_1_1' title="bbox 213 67 1825 179; baseline -0.004 -3"><span class='ocrx_word' id='word_1_1' title='bbox 213 115 320 179; x_wconf 61' lang='grc' dir='ltr'><em>ω</em></span> <span class='ocrx_word' id='word_1_2' title='bbox 659 114 758 176; x_wconf 78' lang='lat' dir='ltr'><strong>nn</strong></span> <span class='ocrx_word' id='word_1_3' title='bbox 801 111 1064 175; x_wconf 70' lang='lat' dir='ltr'><strong>ansus</strong></span> <span class='ocrx_word' id='word_1_4' title='bbox 1109 67 1541 174; x_wconf 57' lang='lat' dir='ltr'><strong>Aenianum</strong></span> <span class='ocrx_word' id='word_1_5' title='bbox 1584 107 1825 172; x_wconf 71' lang='lat' dir='ltr'><strong>MAGN}</strong></span> 
     </span>
    </p>
   </div>
   <div class='ocr_carea' id='block_1_2' title="bbox 111 223 2400 3659">
    <p class='ocr_par' dir='ltr' id='par_1_2' title="bbox 111 223 2400 3659">
     <span class='ocr_line' id='line_1_2' title="bbox 174 223 2311 312; baseline -0.004 -15"><span class='ocrx_word' id='word_1_6' title='bbox 174 235 214 296; x_wconf 87' lang='lat'>8</span> <span class='ocrx_word' id='word_1_7' title='bbox 233 243 390 306; x_wconf 83' lang='lat' dir='ltr'><strong>sunt,</strong></span> <span class='ocrx_word' id='word_1_8' title='bbox 415 239 824 312; x_wconf 73' lang='lat' dir='ltr'><strong>occupaturos,</strong></span> <span class='ocrx_word' id='word_1_9' title='bbox 867 231 1126 294; x_wconf 84' lang='lat' dir='ltr'><strong>Proinde</strong></span> <span class='ocrx_word' id='word_1_10' title='bbox 1143 249 1267 292; x_wconf 90' lang='lat' dir='ltr'><strong>non</strong></span> <span class='ocrx_word' id='word_1_11' title='bbox 1286 238 1379 292; x_wconf 86' lang='lat' dir='ltr'><strong>est</strong></span> <span class='ocrx_word' id='word_1_12' title='bbox 1402 229 1561 308; x_wconf 90' lang='lat' dir='ltr'><strong>quod</strong></span> <span class='ocrx_word' id='word_1_13' title='bbox 1583 227 1901 308; x_wconf 85' lang='lat' dir='ltr'><strong>quidquam</strong></span> <span class='ocrx_word' id='word_1_14' title='bbox 1914 223 2133 288; x_wconf 53' lang='lat' dir='ltr'><strong>sirium</strong></span> <span class='ocrx_word' id='word_1_15' title='bbox 2154 225 2311 288; x_wconf 80' lang='lat' dir='ltr'><strong>sub-</strong></span> 
     </span>
     <span class='ocr_line' id='line_1_3' title="bbox 231 314 2312 396; baseline -0.003 -16"><span class='ocrx_word' id='word_1_16' title='bbox 231 321 410 382; x_wconf 80' lang='lat' dir='ltr'>ducat</span> <span class='ocrx_word' id='word_1_17' title='bbox 427 337 495 379; x_wconf 87' lang='lat' dir='ltr'><strong>ex</strong></span> <span class='ocrx_word' id='word_1_18' title='bbox 516 317 660 393; x_wconf 88' lang='lat' dir='ltr'><strong>acie,</strong></span> <span class='ocrx_word' id='word_1_19' title='bbox 680 319 805 393; x_wconf 90' lang='lat' dir='ltr'><strong>sed,</strong></span> <span class='ocrx_word' id='word_1_20' title='bbox 824 327 889 380; x_wconf 89' lang='lat' dir='ltr'><strong>ut</strong></span> <span class='ocrx_word' id='word_1_21' title='bbox 907 336 1002 380; x_wconf 89' lang='lat' dir='ltr'><strong>me</strong></span> <span class='ocrx_word' id='word_1_22' title='bbox 1021 326 1080 378; x_wconf 93' lang='lat' dir='ltr'><strong>et</strong></span> <span class='ocrx_word' id='word_1_23' title='bbox 1095 317 1367 396; x_wconf 85' lang='lat' dir='ltr'><strong>Philippo</strong></span> <span class='ocrx_word' id='word_1_24' title='bbox 1388 323 1553 395; x_wconf 85' lang='lat' dir='ltr'><strong>patre</strong></span> <span class='ocrx_word' id='word_1_25' title='bbox 1573 314 1813 394; x_wconf 87' lang='lat' dir='ltr'><strong>dignum</strong></span> <span class='ocrx_word' id='word_1_26' title='bbox 1834 318 1943 386; x_wconf 90' lang='lat' dir='ltr'><strong>est,</strong></span> <span class='ocrx_word' id='word_1_27' title='bbox 1960 318 2312 392; x_wconf 87' lang='lat' dir='ltr'><strong>contempto</strong></span> 
     </span>
     <span class='ocr_line' id='line_1_4' title="bbox 172 395 2315 494; baseline -0.004 -27"><span class='ocrx_word' id='word_1_28' title='bbox 172 419 211 480; x_wconf 83' lang='lat'>9</span> <span class='ocrx_word' id='word_1_29' title='bbox 232 404 591 467; x_wconf 87' lang='lat' dir='ltr'><strong>sarcinarum</strong></span> <span class='ocrx_word' id='word_1_30' title='bbox 623 404 840 466; x_wconf 88' lang='lat' dir='ltr'><strong>damno</strong></span> <span class='ocrx_word' id='word_1_31' title='bbox 883 404 1111 466; x_wconf 76' lang='lat' dir='ltr'><strong>fortiter</strong></span> <span class='ocrx_word' id='word_1_32' title='bbox 1153 403 1409 466; x_wconf 83' lang='lat' dir='ltr'>dimicet.</span> <span class='ocrx_word' id='word_1_33' title='bbox 1494 400 1733 466; x_wconf 82' lang='lat' dir='ltr'><strong>Interim</strong></span> <span class='ocrx_word' id='word_1_34' title='bbox 1776 395 2013 460; x_wconf 88' lang='lat' dir='ltr'><strong>barbari</strong></span> <span class='ocrx_word' id='word_1_35' title='bbox 2040 396 2315 494; x_wconf 81' lang='lat' dir='ltr'><strong>impedi-</strong></span> 
     </span>
     <span class='ocr_line' id='line_1_5' title="bbox 111 479 2316 569; baseline -0.003 -17"><span class='ocrx_word' id='word_1_36' title='bbox 111 543 118 552; x_wconf 93' lang='lat'><strong>.</strong></span> <span class='ocrx_word' id='word_1_37' title='bbox 150 546 157 560; x_wconf 79' lang='grc'>,</span> <span class='ocrx_word' id='word_1_38' title='bbox 229 493 427 552; x_wconf 80' lang='lat' dir='ltr'><strong>menta</strong></span> <span class='ocrx_word' id='word_1_39' title='bbox 454 491 846 566; x_wconf 86' lang='lat' dir='ltr'><strong>turbaverant,</strong></span> <span class='ocrx_word' id='word_1_40' title='bbox 871 490 1172 568; x_wconf 76' lang='lat' dir='ltr'><strong>caesisque</strong></span> <span class='ocrx_word' id='word_1_41' title='bbox 1195 488 1491 569; x_wconf 84' lang='lat' dir='ltr'><strong>plerisque</strong></span> <span class='ocrx_word' id='word_1_42' title='bbox 1516 485 1831 547; x_wconf 86' lang='lat' dir='ltr'><strong>custodum</strong></span> <span class='ocrx_word' id='word_1_43' title='bbox 1846 479 2076 563; x_wconf 79' lang='lat' dir='ltr'><strong>captivi,</strong></span> <span class='ocrx_word' id='word_1_44' title='bbox 2101 483 2316 546; x_wconf 83' lang='lat' dir='ltr'><strong>vincu-</strong></span> 
     </span>
     <span class='ocr_line' id='line_1_6' title="bbox 228 567 2309 673; baseline -0.003 -35"><span class='ocrx_word' id='word_1_45' title='bbox 228 576 300 638; x_wconf 92' lang='lat' dir='ltr'><strong>lis</strong></span> <span class='ocrx_word' id='word_1_46' title='bbox 326 576 534 656; x_wconf 80' lang='lat' dir='ltr'><strong>ruptiS,</strong></span> <span class='ocrx_word' id='word_1_47' title='bbox 572 575 856 673; x_wconf 88' lang='lat' dir='ltr'><strong>quidquid</strong></span> <span class='ocrx_word' id='word_1_48' title='bbox 883 575 1120 638; x_wconf 90' lang='lat' dir='ltr'><strong>obvium</strong></span> <span class='ocrx_word' id='word_1_49' title='bbox 1143 583 1285 646; x_wconf 86' lang='lat' dir='ltr'><strong>erat,</strong></span> <span class='ocrx_word' id='word_1_50' title='bbox 1317 591 1433 652; x_wconf 92' lang='lat' dir='ltr'><strong>quo</strong></span> <span class='ocrx_word' id='word_1_51' title='bbox 1464 572 1676 632; x_wconf 89' lang='lat' dir='ltr'><strong>armari</strong></span> <span class='ocrx_word' id='word_1_52' title='bbox 1705 577 1969 668; x_wconf 83' lang='lat' dir='ltr'><strong>possent,</strong></span> <span class='ocrx_word' id='word_1_53' title='bbox 2010 567 2309 650; x_wconf 80' lang='lat' dir='ltr'><strong>arripiunt</strong></span> 
     </span>
     <span class='ocr_line' id='line_1_7' title="bbox 231 655 2313 742; baseline -0.003 -18"><span class='ocrx_word' id='word_1_54' title='bbox 231 671 290 724; x_wconf 91' lang='lat' dir='ltr'><strong>et</strong></span> <span class='ocrx_word' id='word_1_55' title='bbox 315 661 612 742; x_wconf 87' lang='lat' dir='ltr'><strong>aggregati</strong></span> <span class='ocrx_word' id='word_1_56' title='bbox 641 681 884 724; x_wconf 90' lang='lat' dir='ltr'><strong>suorum</strong></span> <span class='ocrx_word' id='word_1_57' title='bbox 911 661 1205 741; x_wconf 86' lang='lat' dir='ltr'><strong>equitibus</strong></span> <span class='ocrx_word' id='word_1_58' title='bbox 1236 659 1588 720; x_wconf 68' lang='lat' dir='ltr'><strong>Macedonas</strong></span> <span class='ocrx_word' id='word_1_59' title='bbox 1612 656 1852 736; x_wconf 86' lang='lat' dir='ltr'><strong>ancipiti</strong></span> <span class='ocrx_word' id='word_1_60' title='bbox 1874 655 2313 727; x_wconf 79' lang='lat' dir='ltr'><strong>circumventos</strong></span> 
     </span>
     <span class='ocr_line' id='line_1_8' title="bbox 130 739 2311 827; baseline -0.004 -17"><span class='ocrx_word' id='word_1_61' title='bbox 130 759 221 822; x_wconf 80' lang='lat'><strong>10</strong></span> <span class='ocrx_word' id='word_1_62' title='bbox 232 749 384 809; x_wconf 89' lang='lat' dir='ltr'><strong>malo</strong></span> <span class='ocrx_word' id='word_1_63' title='bbox 421 748 725 810; x_wconf 86' lang='lat' dir='ltr'><strong>invadunt.</strong></span> <span class='ocrx_word' id='word_1_64' title='bbox 794 747 1103 826; x_wconf 90' lang='lat' dir='ltr'><strong>Laetique,</strong></span> <span class='ocrx_word' id='word_1_65' title='bbox 1149 745 1249 827; x_wconf 89' lang='lat' dir='ltr'><strong>qui</strong></span> <span class='ocrx_word' id='word_1_66' title='bbox 1275 744 1428 805; x_wconf 85' lang='lat' dir='ltr'><strong>circa</strong></span> <span class='ocrx_word' id='word_1_67' title='bbox 1444 742 1830 825; x_wconf 86' lang='lat' dir='ltr'><strong>Sisygambim</strong></span> <span class='ocrx_word' id='word_1_68' title='bbox 1854 749 2051 816; x_wconf 75' lang='lat' dir='ltr'><strong>eraut,</strong></span> <span class='ocrx_word' id='word_1_69' title='bbox 2092 739 2311 804; x_wconf 85' lang='lat' dir='ltr'><strong>vicisse</strong></span> 
     </span>
     <span class='ocr_line' id='line_1_9' title="bbox 115 824 2315 929; baseline -0.002 -34"><span class='ocrx_word' id='word_1_70' title='bbox 115 887 122 907; x_wconf 74' lang='grc'>,</span> <span class='ocrx_word' id='word_1_71' title='bbox 231 833 502 906; x_wconf 69' lang='lat' dir='ltr'><strong>Dareum,</strong></span> <span class='ocrx_word' id='word_1_72' title='bbox 537 831 762 912; x_wconf 83' lang='lat' dir='ltr'><strong>ingenti</strong></span> <span class='ocrx_word' id='word_1_73' title='bbox 788 835 968 894; x_wconf 89' lang='lat' dir='ltr'><strong>caede</strong></span> <span class='ocrx_word' id='word_1_74' title='bbox 991 839 1321 929; x_wconf 84' lang='lat' dir='ltr'><strong>prostratos</strong></span> <span class='ocrx_word' id='word_1_75' title='bbox 1346 831 1568 904; x_wconf 63' lang='lat' dir='ltr'><strong>hostes»,</strong></span> <span class='ocrx_word' id='word_1_76' title='bbox 1599 830 1677 891; x_wconf 90' lang='lat' dir='ltr'><strong>ad</strong></span> <span class='ocrx_word' id='word_1_77' title='bbox 1700 829 1969 890; x_wconf 88' lang='lat' dir='ltr'><strong>ultimum</strong></span> <span class='ocrx_word' id='word_1_78' title='bbox 1994 824 2171 888; x_wconf 84' lang='lat' dir='ltr'><strong>etiam</strong></span> <span class='ocrx_word' id='word_1_79' title='bbox 2194 827 2315 890; x_wconf 85' lang='lat' dir='ltr'><strong>im-</strong></span> 
     </span>
     <span class='ocr_line' id='line_1_10' title="bbox 111 913 2315 998; baseline -0.002 -20"><span class='ocrx_word' id='word_1_80' title='bbox 111 935 127 943; x_wconf 91' lang='lat'><strong>·</strong></span> <span class='ocrx_word' id='word_1_81' title='bbox 231 917 588 998; x_wconf 86' lang='lat' dir='ltr'><strong>pedimentis</strong></span> <span class='ocrx_word' id='word_1_82' title='bbox 631 925 836 979; x_wconf 89' lang='lat' dir='ltr'><strong>exutos</strong></span> <span class='ocrx_word' id='word_1_83' title='bbox 887 936 1020 978; x_wconf 87' lang='lat' dir='ltr'><strong>esse</strong></span> <span class='ocrx_word' id='word_1_84' title='bbox 1063 917 1375 979; x_wconf 83' lang='lat' dir='ltr'><strong>nunciant.</strong></span> <span class='ocrx_word' id='word_1_85' title='bbox 1443 915 1665 996; x_wconf 85' lang='lat' dir='ltr'><strong>quippe</strong></span> <span class='ocrx_word' id='word_1_86' title='bbox 1712 914 1962 978; x_wconf 88' lang='lat' dir='ltr'><strong>eandem</strong></span> <span class='ocrx_word' id='word_1_87' title='bbox 2010 913 2315 982; x_wconf 72' lang='lat' dir='ltr'><strong>somnam</strong></span> 
     </span>
     <span class='ocr_line' id='line_1_11' title="bbox 233 996 2315 1102; baseline -0.003 -36"><span class='ocrx_word' id='word_1_88' title='bbox 233 1003 454 1102; x_wconf 84' lang='lat' dir='ltr'><strong>ubique</strong></span> <span class='ocrx_word' id='word_1_89' title='bbox 490 1021 622 1064; x_wconf 87' lang='lat' dir='ltr'><strong>esse</strong></span> <span class='ocrx_word' id='word_1_90' title='bbox 657 1003 1000 1077; x_wconf 88' lang='lat' dir='ltr'><strong>credebant,</strong></span> <span class='ocrx_word' id='word_1_91' title='bbox 1037 1011 1096 1064; x_wconf 86' lang='lat' dir='ltr'><strong>et</strong></span> <span class='ocrx_word' id='word_1_92' title='bbox 1126 1000 1377 1065; x_wconf 90' lang='lat' dir='ltr'><strong>victores</strong></span> <span class='ocrx_word' id='word_1_93' title='bbox 1408 1001 1621 1062; x_wconf 81' lang='lat' dir='ltr'><strong>Persas</strong></span> <span class='ocrx_word' id='word_1_94' title='bbox 1657 1001 1734 1062; x_wconf 93' lang='lat' dir='ltr'><strong>ad</strong></span> <span class='ocrx_word' id='word_1_95' title='bbox 1770 999 2051 1081; x_wconf 85' lang='lat' dir='ltr'><strong>praedam</strong></span> <span class='ocrx_word' id='word_1_96' title='bbox 2076 996 2315 1060; x_wconf 87' lang='lat' dir='ltr'><strong>discur-</strong></span> 
     </span>
     <span class='ocr_line' id='line_1_12' title="bbox 136 1087 2315 1186; baseline -0.003 -36"><span class='ocrx_word' id='word_1_97' title='bbox 136 1098 212 1160; x_wconf 89' lang='lat'><strong>11</strong></span> <span class='ocrx_word' id='word_1_98' title='bbox 235 1091 409 1150; x_wconf 89' lang='lat' dir='ltr'><strong>risse.</strong></span> <span class='ocrx_word' id='word_1_99' title='bbox 475 1087 835 1186; x_wconf 84' lang='lat' dir='ltr'><strong>Sisygambis</strong></span> <span class='ocrx_word' id='word_1_100' title='bbox 870 1088 1251 1150; x_wconf 86' lang='lat' dir='ltr'><strong>hortantibus</strong></span> <span class='ocrx_word' id='word_1_101' title='bbox 1286 1088 1562 1168; x_wconf 80' lang='lat' dir='ltr'><strong>captiviS,</strong></span> <span class='ocrx_word' id='word_1_102' title='bbox 1594 1095 1659 1148; x_wconf 86' lang='grc' dir='ltr'><strong>ιιι</strong></span> <span class='ocrx_word' id='word_1_103' title='bbox 1680 1087 1938 1148; x_wconf 85' lang='lat' dir='ltr'><strong>anim-um</strong></span> <span class='ocrx_word' id='word_1_104' title='bbox 1974 1102 2009 1144; x_wconf 85' lang='lat' dir='ltr'><strong>a</strong></span> <span class='ocrx_word' id='word_1_105' title='bbox 2035 1100 2315 1148; x_wconf 86' lang='lat' dir='ltr'><strong>maerore</strong></span> 
     </span>
     <span class='ocr_line' id='line_1_13' title="bbox 236 1169 2314 1256; baseline -0.003 -21"><span class='ocrx_word' id='word_1_106' title='bbox 236 1176 539 1248; x_wconf 84' lang='lat' dir='ltr'><strong>allevaret,</strong></span> <span class='ocrx_word' id='word_1_107' title='bbox 573 1175 634 1234; x_wconf 91' lang='lat' dir='ltr'><strong>in</strong></span> <span class='ocrx_word' id='word_1_108' title='bbox 663 1175 900 1250; x_wconf 90' lang='lat' dir='ltr'><strong>eodem,</strong></span> <span class='ocrx_word' id='word_1_109' title='bbox 927 1193 1044 1256; x_wconf 89' lang='lat' dir='ltr'><strong>quo</strong></span> <span class='ocrx_word' id='word_1_110' title='bbox 1069 1183 1243 1235; x_wconf 90' lang='lat' dir='ltr'><strong>antea</strong></span> <span class='ocrx_word' id='word_1_111' title='bbox 1269 1175 1405 1250; x_wconf 84' lang='lat' dir='ltr'><strong>fuit,</strong></span> <span class='ocrx_word' id='word_1_112' title='bbox 1441 1171 1855 1253; x_wconf 86' lang='lat' dir='ltr'><strong>perseveravit.</strong></span> <span class='ocrx_word' id='word_1_113' title='bbox 1900 1169 2035 1231; x_wconf 84' lang='lat' dir='ltr'><strong>Non</strong></span> <span class='ocrx_word' id='word_1_114' title='bbox 2058 1187 2165 1232; x_wconf 84' lang='lat' dir='ltr'><strong>vox</strong></span> <span class='ocrx_word' id='word_1_115' title='bbox 2184 1169 2314 1230; x_wconf 90' lang='lat' dir='ltr'><strong>ulla</strong></span> 
     </span>
     <span class='ocr_line' id='line_1_14' title="bbox 236 1253 2311 1334; baseline -0.002 -13"><span class='ocrx_word' id='word_1_116' title='bbox 236 1260 450 1322; x_wconf 85' lang='lat' dir='ltr'><strong>excidit</strong></span> <span class='ocrx_word' id='word_1_117' title='bbox 473 1259 554 1334; x_wconf 88' lang='lat' dir='ltr'><strong>ei,</strong></span> <span class='ocrx_word' id='word_1_118' title='bbox 595 1279 715 1321; x_wconf 93' lang='lat' dir='ltr'><strong>non</strong></span> <span class='ocrx_word' id='word_1_119' title='bbox 741 1259 862 1321; x_wconf 87' lang='lat' dir='ltr'><strong>oris</strong></span> <span class='ocrx_word' id='word_1_120' title='bbox 886 1263 1053 1321; x_wconf 89' lang='lat' dir='ltr'><strong>color</strong></span> <span class='ocrx_word' id='word_1_121' title='bbox 1078 1261 1345 1322; x_wconf 80' lang='lat' dir='ltr'><strong>vultusve</strong></span> <span class='ocrx_word' id='word_1_122' title='bbox 1370 1267 1625 1322; x_wconf 88' lang='lat' dir='ltr'><strong>mutatus</strong></span> <span class='ocrx_word' id='word_1_123' title='bbox 1653 1264 1773 1334; x_wconf 80' lang='lat' dir='ltr'><strong>est3</strong></span> <span class='ocrx_word' id='word_1_124' title='bbox 1814 1257 1969 1318; x_wconf 88' lang='lat' dir='ltr'><strong>sedit</strong></span> <span class='ocrx_word' id='word_1_125' title='bbox 1992 1253 2311 1316; x_wconf 86' lang='lat' dir='ltr'><strong>immobilis</strong></span> 
     </span>
     <span class='ocr_line' id='line_1_15' title="bbox 238 1340 2315 1426; baseline -0.002 -20"><span class='ocrx_word' id='word_1_126' title='bbox 238 1343 446 1426; x_wconf 89' lang='lat' dir='ltr'><strong>(credo</strong></span> <span class='ocrx_word' id='word_1_127' title='bbox 480 1345 752 1426; x_wconf 87' lang='lat' dir='ltr'><strong>praecoci</strong></span> <span class='ocrx_word' id='word_1_128' title='bbox 785 1345 996 1424; x_wconf 89' lang='lat' dir='ltr'><strong>gaudio</strong></span> <span class='ocrx_word' id='word_1_129' title='bbox 1028 1346 1209 1408; x_wconf 87' lang='lat' dir='ltr'><strong>verita</strong></span> <span class='ocrx_word' id='word_1_130' title='bbox 1235 1348 1527 1408; x_wconf 84' lang='lat' dir='ltr'><strong>fortunam</strong></span> <span class='ocrx_word' id='word_1_131' title='bbox 1562 1345 1837 1419; x_wconf 84' lang='lat' dir='ltr'><strong>irritare),</strong></span> <span class='ocrx_word' id='word_1_132' title='bbox 1863 1343 2013 1404; x_wconf 86' lang='lat' dir='ltr'><strong>adeo</strong></span> <span class='ocrx_word' id='word_1_133' title='bbox 2034 1348 2131 1416; x_wconf 79' lang='lat' dir='ltr'><strong>ut,</strong></span> <span class='ocrx_word' id='word_1_134' title='bbox 2166 1340 2315 1421; x_wconf 85' lang='lat' dir='ltr'><strong>quid</strong></span> 
     </span>
     <span class='ocr_line' id='line_1_16' title="bbox 137 1425 2317 1508; baseline -0.003 -15"><span class='ocrx_word' id='word_1_135' title='bbox 137 1447 216 1508; x_wconf 77' lang='lat'><strong>12</strong></span> <span class='ocrx_word' id='word_1_136' title='bbox 237 1433 463 1504; x_wconf 86' lang='lat' dir='ltr'><strong>mallet,</strong></span> <span class='ocrx_word' id='word_1_137' title='bbox 508 1431 870 1494; x_wconf 90' lang='lat' dir='ltr'><strong>intuentibus</strong></span> <span class='ocrx_word' id='word_1_138' title='bbox 905 1449 1036 1492; x_wconf 91' lang='lat' dir='ltr'><strong>eam</strong></span> <span class='ocrx_word' id='word_1_139' title='bbox 1071 1432 1246 1494; x_wconf 83' lang='lat' dir='ltr'><strong>fuerit</strong></span> <span class='ocrx_word' id='word_1_140' title='bbox 1280 1433 1593 1494; x_wconf 86' lang='lat' dir='ltr'><strong>incertum.</strong></span> <span class='ocrx_word' id='word_1_141' title='bbox 1658 1431 1819 1490; x_wconf 89' lang='lat' dir='ltr'><strong>lnter</strong></span> <span class='ocrx_word' id='word_1_142' title='bbox 1856 1428 2003 1489; x_wconf 89' lang='lat' dir='ltr'><strong>haec</strong></span> <span class='ocrx_word' id='word_1_143' title='bbox 2023 1425 2317 1500; x_wconf 72' lang='lat' dir='ltr'><strong>MenidaS,</strong></span> 
     </span>
     <span class='ocr_line' id='line_1_17' title="bbox 235 1512 2321 1609; baseline -0.002 -31"><span class='ocrx_word' id='word_1_144' title='bbox 235 1518 568 1598; x_wconf 82' lang='lat' dir='ltr'><strong>praefectus</strong></span> <span class='ocrx_word' id='word_1_145' title='bbox 598 1517 858 1597; x_wconf 87' lang='lat' dir='ltr'><strong>equitum</strong></span> <span class='ocrx_word' id='word_1_146' title='bbox 878 1517 1209 1591; x_wconf 83' lang='lat' dir='ltr'><strong>Alexandri,</strong></span> <span class='ocrx_word' id='word_1_147' title='bbox 1258 1537 1389 1580; x_wconf 87' lang='lat' dir='ltr'><strong>cum</strong></span> <span class='ocrx_word' id='word_1_148' title='bbox 1412 1517 1614 1598; x_wconf 85' lang='lat' dir='ltr'><strong>paucis</strong></span> <span class='ocrx_word' id='word_1_149' title='bbox 1640 1515 1847 1577; x_wconf 89' lang='lat' dir='ltr'><strong>turmis</strong></span> <span class='ocrx_word' id='word_1_150' title='bbox 1866 1531 2043 1592; x_wconf 87' lang='lat' dir='ltr'><strong>opem</strong></span> <span class='ocrx_word' id='word_1_151' title='bbox 2064 1512 2321 1609; x_wconf 76' lang='lat' dir='ltr'><strong>impedi·-</strong></span> 
     </span>
     <span class='ocr_line' id='line_1_18' title="bbox 235 1598 2400 1681; baseline -0.002 -17"><span class='ocrx_word' id='word_1_152' title='bbox 235 1602 450 1664; x_wconf 88' lang='lat' dir='ltr'><strong>mentis</strong></span> <span class='ocrx_word' id='word_1_153' title='bbox 486 1603 712 1664; x_wconf 90' lang='lat' dir='ltr'><strong>laturus</strong></span> <span class='ocrx_word' id='word_1_154' title='bbox 742 1604 1089 1677; x_wconf 87' lang='lat' dir='ltr'><strong>advenerat,</strong></span> <span class='ocrx_word' id='word_1_155' title='bbox 1139 1604 1459 1678; x_wconf 88' lang='lat' dir='ltr'><strong>incertum,</strong></span> <span class='ocrx_word' id='word_1_156' title='bbox 1514 1619 1703 1664; x_wconf 90' lang='lat' dir='ltr'><strong>suone</strong></span> <span class='ocrx_word' id='word_1_157' title='bbox 1749 1598 1995 1681; x_wconf 78' lang='lat' dir='ltr'><strong>consilio</strong></span> <span class='ocrx_word' id='word_1_158' title='bbox 2036 1617 2115 1662; x_wconf 89' lang='lat' dir='ltr'><strong>an</strong></span> <span class='ocrx_word' id='word_1_159' title='bbox 2160 1599 2321 1676; x_wconf 86' lang='lat' dir='ltr'><strong>regis</strong></span> <span class='ocrx_word' id='word_1_160' title='bbox 2399 1611 2400 1616; x_wconf 76' lang='grc'>’</span> 
     </span>
     <span class='ocr_line' id='line_1_19' title="bbox 238 1683 2400 1768; baseline -0.001 -19"><span class='ocrx_word' id='word_1_161' title='bbox 238 1687 487 1768; x_wconf 89' lang='lat' dir='ltr'><strong>imperio</strong></span> <span class='ocrx_word' id='word_1_162' title='bbox 504 1708 520 1760; x_wconf 82' lang='lat'>3</span> <span class='ocrx_word' id='word_1_163' title='bbox 539 1689 644 1748; x_wconf 88' lang='lat' dir='ltr'><strong>sed</strong></span> <span class='ocrx_word' id='word_1_164' title='bbox 669 1706 790 1748; x_wconf 89' lang='lat' dir='ltr'><strong>non</strong></span> <span class='ocrx_word' id='word_1_165' title='bbox 811 1688 1086 1750; x_wconf 88' lang='lat' dir='ltr'><strong>sustinuit</strong></span> <span class='ocrx_word' id='word_1_166' title='bbox 1101 1689 1516 1750; x_wconf 76' lang='lat' dir='ltr'><strong>caucasiorum</strong></span> <span class='ocrx_word' id='word_1_167' title='bbox 1530 1689 1987 1768; x_wconf 87' lang='lat' dir='ltr'><strong>Scytharumque</strong></span> <span class='ocrx_word' id='word_1_168' title='bbox 2008 1683 2315 1763; x_wconf 90' lang='lat' dir='ltr'><strong>impetum,</strong></span> <span class='ocrx_word' id='word_1_169' title='bbox 2399 1701 2400 1716; x_wconf 64' lang='lat'>¹</span> 
     </span>
     <span class='ocr_line' id='line_1_20' title="bbox 243 1770 2400 1853; baseline -0.001 -19"><span class='ocrx_word' id='word_1_170' title='bbox 243 1773 462 1853; x_wconf 88' lang='lat' dir='ltr'><strong>quippe</strong></span> <span class='ocrx_word' id='word_1_171' title='bbox 503 1773 596 1832; x_wconf 84' lang='lat' dir='ltr'><strong>vix</strong></span> <span class='ocrx_word' id='word_1_172' title='bbox 636 1780 859 1836; x_wconf 46' lang='lat' dir='ltr'><strong>&gt;tentato</strong></span> <span class='ocrx_word' id='word_1_173' title='bbox 915 1773 1231 1835; x_wconf 88' lang='lat' dir='ltr'><strong>certamine</strong></span> <span class='ocrx_word' id='word_1_174' title='bbox 1279 1774 1493 1852; x_wconf 82' lang='lat' dir='ltr'><strong>refugit</strong></span> <span class='ocrx_word' id='word_1_175' title='bbox 1534 1774 1608 1834; x_wconf 91' lang='lat' dir='ltr'><strong>ad</strong></span> <span class='ocrx_word' id='word_1_176' title='bbox 1663 1791 1892 1851; x_wconf 89' lang='lat' dir='ltr'><strong>regem,</strong></span> <span class='ocrx_word' id='word_1_177' title='bbox 1954 1770 2317 1832; x_wconf 87' lang='lat' dir='ltr'><strong>amissorum</strong></span> <span class='ocrx_word' id='word_1_178' title='bbox 2399 1783 2400 1844; x_wconf 59' lang='grc' dir='ltr'>ζ</span> 
     </span>
     <span class='ocr_line' id='line_1_21' title="bbox 140 1856 2400 1938; baseline -0.001 -19"><span class='ocrx_word' id='word_1_179' title='bbox 140 1873 219 1937; x_wconf 86' lang='lat'><strong>13</strong></span> <span class='ocrx_word' id='word_1_180' title='bbox 239 1858 796 1937; x_wconf 87' lang='lat' dir='ltr'><strong>impedimentorum</strong></span> <span class='ocrx_word' id='word_1_181' title='bbox 848 1858 1017 1918; x_wconf 88' lang='lat' dir='ltr'><strong>testis</strong></span> <span class='ocrx_word' id='word_1_182' title='bbox 1063 1859 1250 1936; x_wconf 89' lang='lat' dir='ltr'><strong>magis</strong></span> <span class='ocrx_word' id='word_1_183' title='bbox 1300 1877 1475 1938; x_wconf 91' lang='lat' dir='ltr'><strong>quam</strong></span> <span class='ocrx_word' id='word_1_184' title='bbox 1517 1858 1747 1920; x_wconf 81' lang='lat' dir='ltr'><strong>vindex.</strong></span> <span class='ocrx_word' id='word_1_185' title='bbox 1828 1859 1950 1918; x_wconf 90' lang='lat' dir='ltr'><strong>Iam</strong></span> <span class='ocrx_word' id='word_1_186' title='bbox 2006 1856 2319 1928; x_wconf 87' lang='lat' dir='ltr'><strong>consilium</strong></span> <span class='ocrx_word' id='word_1_187' title='bbox 2399 1879 2400 1916; x_wconf 70' lang='grc'><strong>;</strong></span> 
     </span>
     <span class='ocr_line' id='line_1_22' title="bbox 238 1941 2400 2025; baseline -0 -19"><span class='ocrx_word' id='word_1_188' title='bbox 238 1943 556 2006; x_wconf 87' lang='lat' dir='ltr'><strong>Alexandri</strong></span> <span class='ocrx_word' id='word_1_189' title='bbox 592 1943 762 2005; x_wconf 90' lang='lat' dir='ltr'><strong>dolor</strong></span> <span class='ocrx_word' id='word_1_190' title='bbox 794 1943 1013 2005; x_wconf 88' lang='lat' dir='ltr'><strong>vicerat</strong></span> <span class='ocrx_word' id='word_1_191' title='bbox 1034 1953 1120 2018; x_wconf 89' lang='lat' dir='ltr'><strong>et,</strong></span> <span class='ocrx_word' id='word_1_192' title='bbox 1167 1964 1243 2006; x_wconf 91' lang='lat' dir='ltr'><strong>ne</strong></span> <span class='ocrx_word' id='word_1_193' title='bbox 1282 1949 1421 2006; x_wconf 89' lang='lat' dir='ltr'><strong>cura</strong></span> <span class='ocrx_word' id='word_1_194' title='bbox 1454 1942 1844 2025; x_wconf 87' lang='lat' dir='ltr'><strong>recuperandi</strong></span> <span class='ocrx_word' id='word_1_195' title='bbox 1870 1961 1978 2005; x_wconf 87' lang='lat' dir='ltr'><strong>sua</strong></span> <span class='ocrx_word' id='word_1_196' title='bbox 2016 1941 2262 2005; x_wconf 89' lang='lat' dir='ltr'><strong>militem</strong></span> <span class='ocrx_word' id='word_1_197' title='bbox 2284 1959 2321 2005; x_wconf 82' lang='lat' dir='ltr'><strong>a</strong></span> <span class='ocrx_word' id='word_1_198' title='bbox 2399 1966 2400 1971; x_wconf 48' lang='lat'>¹</span> 
     </span>
     <span class='ocr_line' id='line_1_23' title="bbox 242 2029 2400 2115; baseline -0.001 -24"><span class='ocrx_word' id='word_1_199' title='bbox 242 2029 470 2110; x_wconf 88' lang='lat' dir='ltr'><strong>proelio</strong></span> <span class='ocrx_word' id='word_1_200' title='bbox 491 2036 795 2103; x_wconf 84' lang='lat' dir='ltr'><strong>averteret,</strong></span> <span class='ocrx_word' id='word_1_201' title='bbox 820 2048 944 2091; x_wconf 90' lang='lat' dir='ltr'><strong>non</strong></span> <span class='ocrx_word' id='word_1_202' title='bbox 961 2030 1251 2093; x_wconf 75' lang='lat' dir='ltr'><strong>immerito</strong></span> <span class='ocrx_word' id='word_1_203' title='bbox 1267 2031 1591 2093; x_wconf 86' lang='lat' dir='ltr'><strong>verebatur.</strong></span> <span class='ocrx_word' id='word_1_204' title='bbox 1637 2032 1879 2115; x_wconf 88' lang='lat' dir='ltr'><strong>Itaque</strong></span> <span class='ocrx_word' id='word_1_205' title='bbox 1846 2030 2085 2103; x_wconf 72' lang='lat' dir='ltr'><strong>Areten,</strong></span> <span class='ocrx_word' id='word_1_206' title='bbox 2107 2030 2321 2090; x_wconf 90' lang='lat' dir='ltr'><strong>ducem</strong></span> <span class='ocrx_word' id='word_1_207' title='bbox 2399 2088 2400 2099; x_wconf 28' lang='lat'>2</span> 
     </span>
     <span class='ocr_line' id='line_1_24' title="bbox 239 2103 2400 2214; baseline -0.001 -37"><span class='ocrx_word' id='word_1_208' title='bbox 239 2118 606 2177; x_wconf 88' lang='lat' dir='ltr'><strong>hastatorum</strong></span> <span class='ocrx_word' id='word_1_209' title='bbox 637 2112 1115 2196; x_wconf 88' lang='lat' dir='ltr'><strong>(sarissophoros</strong></span> <span class='ocrx_word' id='word_1_210' title='bbox 1141 2117 1473 2214; x_wconf 81' lang='lat' dir='ltr'><strong>vocabant),</strong></span> <span class='ocrx_word' id='word_1_211' title='bbox 1501 2118 1781 2179; x_wconf 89' lang='lat' dir='ltr'><strong>adversus</strong></span> <span class='ocrx_word' id='word_1_212' title='bbox 1808 2103 2053 2194; x_wconf 80' lang='lat' dir='ltr'><strong>Scythas</strong></span> <span class='ocrx_word' id='word_1_213' title='bbox 2078 2114 2273 2175; x_wconf 88' lang='lat' dir='ltr'><strong>mittit.</strong></span> <span class='ocrx_word' id='word_1_214' title='bbox 2399 2122 2400 2189; x_wconf 80' lang='lat' dir='ltr'>j</span> 
     </span>
     <span class='ocr_line' id='line_1_25' title="bbox 141 2200 2400 2283; baseline -0.003 -22"><span class='ocrx_word' id='word_1_215' title='bbox 141 2208 222 2269; x_wconf 80' lang='grc'><strong>14</strong></span> <span class='ocrx_word' id='word_1_216' title='bbox 368 2202 527 2263; x_wconf 85' lang='lat' dir='ltr'><strong>Inter</strong></span> <span class='ocrx_word' id='word_1_217' title='bbox 553 2200 703 2263; x_wconf 88' lang='lat' dir='ltr'><strong>haec</strong></span> <span class='ocrx_word' id='word_1_218' title='bbox 726 2220 961 2277; x_wconf 82' lang='lat' dir='ltr'><strong>curruS,</strong></span> <span class='ocrx_word' id='word_1_219' title='bbox 1001 2202 1099 2281; x_wconf 85' lang='lat' dir='ltr'><strong>qui</strong></span> <span class='ocrx_word' id='word_1_220' title='bbox 1126 2202 1277 2264; x_wconf 87' lang='lat' dir='ltr'><strong>circa</strong></span> <span class='ocrx_word' id='word_1_221' title='bbox 1300 2203 1488 2282; x_wconf 82' lang='lat' dir='ltr'><strong>prima</strong></span> <span class='ocrx_word' id='word_1_222' title='bbox 1514 2204 1679 2283; x_wconf 88' lang='lat' dir='ltr'><strong>signa</strong></span> <span class='ocrx_word' id='word_1_223' title='bbox 1709 2203 2089 2265; x_wconf 87' lang='lat' dir='ltr'><strong>turbaverant</strong></span> <span class='ocrx_word' id='word_1_224' title='bbox 2114 2200 2320 2274; x_wconf 86' lang='lat' dir='ltr'><strong>aciem,</strong></span> <span class='ocrx_word' id='word_1_225' title='bbox 2399 2200 2400 2255; x_wconf 62' lang='grc' dir='ltr'>ἒ</span> 
     </span>
     <span class='ocr_line' id='line_1_26' title="bbox 241 2284 2325 2367; baseline -0.001 -20"><span class='ocrx_word' id='word_1_226' title='bbox 241 2286 303 2347; x_wconf 91' lang='grc' dir='ltr'><strong>ιιι</strong></span> <span class='ocrx_word' id='word_1_227' title='bbox 339 2287 690 2367; x_wconf 86' lang='lat' dir='ltr'><strong>phalangem</strong></span> <span class='ocrx_word' id='word_1_228' title='bbox 719 2287 932 2349; x_wconf 86' lang='lat' dir='ltr'><strong>invecti</strong></span> <span class='ocrx_word' id='word_1_229' title='bbox 967 2297 1155 2349; x_wconf 89' lang='lat' dir='ltr'><strong>erant.</strong></span> <span class='ocrx_word' id='word_1_230' title='bbox 1217 2288 1570 2349; x_wconf 63' lang='lat' dir='ltr'><strong>Macedenes</strong></span> <span class='ocrx_word' id='word_1_231' title='bbox 1606 2287 1965 2349; x_wconf 84' lang='lat' dir='ltr'><strong>confirmatis</strong></span> <span class='ocrx_word' id='word_1_232' title='bbox 2011 2284 2223 2347; x_wconf 88' lang='lat' dir='ltr'><strong>animis</strong></span> <span class='ocrx_word' id='word_1_233' title='bbox 2260 2284 2325 2345; x_wconf 89' lang='lat' dir='ltr'><strong>in</strong></span> 
     </span>
     <span class='ocr_line' id='line_1_27' title="bbox 143 2372 2400 2452; baseline -0.002 -12"><span class='ocrx_word' id='word_1_234' title='bbox 143 2378 222 2439; x_wconf 88' lang='lat'><strong>15</strong></span> <span class='ocrx_word' id='word_1_235' title='bbox 245 2373 507 2434; x_wconf 89' lang='lat' dir='ltr'><strong>medium</strong></span> <span class='ocrx_word' id='word_1_236' title='bbox 547 2390 760 2451; x_wconf 87' lang='lat' dir='ltr'><strong>agmen</strong></span> <span class='ocrx_word' id='word_1_237' title='bbox 795 2372 1106 2452; x_wconf 90' lang='lat' dir='ltr'><strong>accipiunt.</strong></span> <span class='ocrx_word' id='word_1_238' title='bbox 1171 2374 1335 2433; x_wconf 89' lang='lat' dir='ltr'><strong>Vallo</strong></span> <span class='ocrx_word' id='word_1_239' title='bbox 1372 2373 1577 2435; x_wconf 89' lang='lat' dir='ltr'><strong>similis</strong></span> <span class='ocrx_word' id='word_1_240' title='bbox 1618 2375 1771 2435; x_wconf 88' lang='lat' dir='ltr'><strong>acies</strong></span> <span class='ocrx_word' id='word_1_241' title='bbox 1810 2382 1961 2435; x_wconf 87' lang='lat' dir='ltr'><strong>erat:</strong></span> <span class='ocrx_word' id='word_1_242' title='bbox 2006 2372 2325 2434; x_wconf 84' lang='lat' dir='ltr'><strong>iunxerant</strong></span> <span class='ocrx_word' id='word_1_243' title='bbox 2399 2418 2400 2435; x_wconf 60' lang='lat'><em>2</em></span> 
     </span>
     <span class='ocr_line' id='line_1_28' title="bbox 243 2457 2327 2537; baseline -0.001 -18"><span class='ocrx_word' id='word_1_244' title='bbox 243 2458 440 2519; x_wconf 87' lang='lat' dir='ltr'><strong>hastas</strong></span> <span class='ocrx_word' id='word_1_245' title='bbox 465 2466 523 2519; x_wconf 88' lang='lat' dir='ltr'><strong>et</strong></span> <span class='ocrx_word' id='word_1_246' title='bbox 549 2459 620 2517; x_wconf 90' lang='lat' dir='ltr'><strong>ab</strong></span> <span class='ocrx_word' id='word_1_247' title='bbox 641 2466 892 2537; x_wconf 89' lang='lat' dir='ltr'><strong>utroque</strong></span> <span class='ocrx_word' id='word_1_248' title='bbox 911 2459 1091 2519; x_wconf 82' lang='lat' dir='ltr'><strong>latere</strong></span> <span class='ocrx_word' id='word_1_249' title='bbox 1115 2464 1335 2519; x_wconf 82' lang='lat' dir='ltr'><strong>temere</strong></span> <span class='ocrx_word' id='word_1_250' title='bbox 1351 2458 1769 2522; x_wconf 90' lang='lat' dir='ltr'><strong>incurrentium</strong></span> <span class='ocrx_word' id='word_1_251' title='bbox 1790 2459 1887 2521; x_wconf 84' lang='lat' dir='ltr'><strong>ilia</strong></span> <span class='ocrx_word' id='word_1_252' title='bbox 1904 2457 2327 2519; x_wconf 83' lang='lat' dir='ltr'><strong>suffodiebant.</strong></span> 
     </span>
     <span class='ocr_line' id='line_1_29' title="bbox 247 2541 2331 2626; baseline 0.001 -23"><span class='ocrx_word' id='word_1_253' title='bbox 247 2541 568 2603; x_wconf 88' lang='lat' dir='ltr'><strong>Circumire</strong></span> <span class='ocrx_word' id='word_1_254' title='bbox 603 2542 822 2603; x_wconf 72' lang='lat' dir='ltr'><strong>deinde</strong></span> <span class='ocrx_word' id='word_1_255' title='bbox 855 2562 1063 2605; x_wconf 86' lang='lat' dir='ltr'><strong>currus</strong></span> <span class='ocrx_word' id='word_1_256' title='bbox 1096 2551 1154 2604; x_wconf 91' lang='lat' dir='ltr'><strong>et</strong></span> <span class='ocrx_word' id='word_1_257' title='bbox 1185 2553 1658 2623; x_wconf 84' lang='lat' dir='ltr'><strong>propugnatores</strong></span> <span class='ocrx_word' id='word_1_258' title='bbox 1686 2544 2071 2626; x_wconf 83' lang='lat' dir='ltr'><strong>praecipitare</strong></span> <span class='ocrx_word' id='word_1_259' title='bbox 2103 2560 2331 2621; x_wconf 82' lang='lat' dir='ltr'><strong>coepe-</strong></span> 
     </span>
     <span class='ocr_line' id='line_1_30' title="bbox 149 2627 2326 2709; baseline 0.001 -23"><span class='ocrx_word' id='word_1_260' title='bbox 149 2634 226 2695; x_wconf 83' lang='lat'><strong>16</strong></span> <span class='ocrx_word' id='word_1_261' title='bbox 245 2634 403 2687; x_wconf 87' lang='lat' dir='ltr'><strong>runt.</strong></span> <span class='ocrx_word' id='word_1_262' title='bbox 451 2627 666 2705; x_wconf 88' lang='lat' dir='ltr'><strong>Ingens</strong></span> <span class='ocrx_word' id='word_1_263' title='bbox 702 2627 870 2689; x_wconf 88' lang='lat' dir='ltr'><strong>ruina</strong></span> <span class='ocrx_word' id='word_1_264' title='bbox 899 2647 1185 2708; x_wconf 89' lang='lat' dir='ltr'><strong>equorum</strong></span> <span class='ocrx_word' id='word_1_265' title='bbox 1216 2629 1665 2709; x_wconf 88' lang='lat' dir='ltr'><strong>aurigarumque</strong></span> <span class='ocrx_word' id='word_1_266' title='bbox 1686 2630 1875 2691; x_wconf 87' lang='lat' dir='ltr'><strong>aciem</strong></span> <span class='ocrx_word' id='word_1_267' title='bbox 1902 2629 2326 2709; x_wconf 79' lang='lat' dir='ltr'><strong>compleverat.</strong></span> 
     </span>
     <span class='ocr_line' id='line_1_31' title="bbox 245 2710 2325 2794; baseline 0.001 -21"><span class='ocrx_word' id='word_1_268' title='bbox 245 2712 322 2773; x_wconf 87' lang='lat' dir='ltr'><strong>Hi</strong></span> <span class='ocrx_word' id='word_1_269' title='bbox 341 2710 580 2773; x_wconf 86' lang='lat' dir='ltr'><strong>territos</strong></span> <span class='ocrx_word' id='word_1_270' title='bbox 605 2730 812 2791; x_wconf 89' lang='lat' dir='ltr'><strong>regere</strong></span> <span class='ocrx_word' id='word_1_271' title='bbox 843 2731 965 2774; x_wconf 89' lang='lat' dir='ltr'><strong>non</strong></span> <span class='ocrx_word' id='word_1_272' title='bbox 987 2722 1287 2793; x_wconf 83' lang='lat' dir='ltr'><strong>poterant,</strong></span> <span class='ocrx_word' id='word_1_273' title='bbox 1332 2714 1431 2794; x_wconf 86' lang='lat' dir='ltr'><strong>qui</strong></span> <span class='ocrx_word' id='word_1_274' title='bbox 1459 2716 1663 2778; x_wconf 87' lang='lat' dir='ltr'><strong>crebra</strong></span> <span class='ocrx_word' id='word_1_275' title='bbox 1685 2715 2001 2789; x_wconf 84' lang='lat' dir='ltr'><strong>iactatione</strong></span> <span class='ocrx_word' id='word_1_276' title='bbox 2028 2714 2325 2776; x_wconf 86' lang='lat' dir='ltr'><strong>cervicum</strong></span> 
     </span>
     <span class='ocr_line' id='line_1_32' title="bbox 246 2796 2327 2876; baseline 0 -17"><span class='ocrx_word' id='word_1_277' title='bbox 246 2816 372 2859; x_wconf 90' lang='lat' dir='ltr'><strong>non</strong></span> <span class='ocrx_word' id='word_1_278' title='bbox 412 2796 612 2876; x_wconf 90' lang='lat' dir='ltr'><strong>iugum</strong></span> <span class='ocrx_word' id='word_1_279' title='bbox 655 2798 834 2859; x_wconf 88' lang='lat' dir='ltr'><strong>modo</strong></span> <span class='ocrx_word' id='word_1_280' title='bbox 875 2806 1286 2875; x_wconf 86' lang='lat' dir='ltr'><strong>excusserant,</strong></span> <span class='ocrx_word' id='word_1_281' title='bbox 1336 2802 1441 2863; x_wconf 88' lang='lat' dir='ltr'><strong>sed</strong></span> <span class='ocrx_word' id='word_1_282' title='bbox 1490 2801 1665 2863; x_wconf 89' lang='lat' dir='ltr'><strong>etiam</strong></span> <span class='ocrx_word' id='word_1_283' title='bbox 1705 2820 1913 2864; x_wconf 88' lang='lat' dir='ltr'><strong>currus</strong></span> <span class='ocrx_word' id='word_1_284' title='bbox 1962 2808 2327 2862; x_wconf 85' lang='lat' dir='ltr'><strong>everterant:</strong></span> 
     </span>
     <span class='ocr_line' id='line_1_33' title="bbox 247 2882 2329 2966; baseline 0.003 -23"><span class='ocrx_word' id='word_1_285' title='bbox 247 2882 533 2944; x_wconf 87' lang='lat' dir='ltr'><strong>vulnerati</strong></span> <span class='ocrx_word' id='word_1_286' title='bbox 565 2884 907 2946; x_wconf 81' lang='lat' dir='ltr'><strong>interfectos</strong></span> <span class='ocrx_word' id='word_1_287' title='bbox 930 2884 1266 2960; x_wconf 88' lang='lat' dir='ltr'><strong>trahebant,</strong></span> <span class='ocrx_word' id='word_1_288' title='bbox 1302 2904 1416 2948; x_wconf 90' lang='lat' dir='ltr'><strong>nec</strong></span> <span class='ocrx_word' id='word_1_289' title='bbox 1442 2887 1767 2949; x_wconf 90' lang='lat' dir='ltr'><strong>consistere</strong></span> <span class='ocrx_word' id='word_1_290' title='bbox 1792 2885 2011 2961; x_wconf 88' lang='lat' dir='ltr'><strong>territi,</strong></span> <span class='ocrx_word' id='word_1_291' title='bbox 2042 2904 2159 2949; x_wconf 87' lang='lat' dir='ltr'><strong>nec</strong></span> <span class='ocrx_word' id='word_1_292' title='bbox 2180 2904 2329 2966; x_wconf 84' lang='lat' dir='ltr'><strong>pro-</strong></span> 
     </span>
     <span class='ocr_line' id='line_1_34' title="bbox 151 2966 2329 3053; baseline 0.001 -22"><span class='ocrx_word' id='word_1_293' title='bbox 151 2966 230 3033; x_wconf 87' lang='lat'><strong>17</strong></span> <span class='ocrx_word' id='word_1_294' title='bbox 251 2968 418 3047; x_wconf 88' lang='lat' dir='ltr'><strong>gredi</strong></span> <span class='ocrx_word' id='word_1_295' title='bbox 460 2970 683 3032; x_wconf 87' lang='lat' dir='ltr'><strong>debiles</strong></span> <span class='ocrx_word' id='word_1_296' title='bbox 718 2979 1011 3051; x_wconf 86' lang='lat' dir='ltr'><strong>poterant.</strong></span> <span class='ocrx_word' id='word_1_297' title='bbox 1088 2972 1317 3033; x_wconf 91' lang='lat' dir='ltr'><strong>Paucae</strong></span> <span class='ocrx_word' id='word_1_298' title='bbox 1364 2982 1563 3034; x_wconf 89' lang='lat' dir='ltr'><strong>tamen</strong></span> <span class='ocrx_word' id='word_1_299' title='bbox 1606 2991 1849 3034; x_wconf 87' lang='lat' dir='ltr'><strong>evasere</strong></span> <span class='ocrx_word' id='word_1_300' title='bbox 1902 2970 2223 3053; x_wconf 86' lang='lat' dir='ltr'><strong>quadrigae</strong></span> <span class='ocrx_word' id='word_1_301' title='bbox 2260 2968 2329 3033; x_wconf 90' lang='grc' dir='ltr'><strong>ιιι</strong></span> 
     </span>
     <span class='ocr_line' id='line_1_35' title="bbox 252 3052 2330 3136; baseline 0.002 -21"><span class='ocrx_word' id='word_1_302' title='bbox 252 3052 512 3117; x_wconf 87' lang='lat' dir='ltr'><strong>ultimam</strong></span> <span class='ocrx_word' id='word_1_303' title='bbox 543 3056 756 3131; x_wconf 87' lang='lat' dir='ltr'><strong>aciem,</strong></span> <span class='ocrx_word' id='word_1_304' title='bbox 797 3056 897 3131; x_wconf 90' lang='lat' dir='ltr'><strong>iis,</strong></span> <span class='ocrx_word' id='word_1_305' title='bbox 945 3056 1156 3136; x_wconf 85' lang='lat' dir='ltr'><strong>quibus</strong></span> <span class='ocrx_word' id='word_1_306' title='bbox 1187 3057 1550 3134; x_wconf 89' lang='lat' dir='ltr'><strong>inciderunt,</strong></span> <span class='ocrx_word' id='word_1_307' title='bbox 1594 3058 1913 3120; x_wconf 89' lang='lat' dir='ltr'><strong>miserabili</strong></span> <span class='ocrx_word' id='word_1_308' title='bbox 1946 3065 2141 3120; x_wconf 87' lang='lat' dir='ltr'><strong>morte</strong></span> <span class='ocrx_word' id='word_1_309' title='bbox 2180 3076 2330 3119; x_wconf 85' lang='lat' dir='ltr'><strong>con-</strong></span> 
     </span>
     <span class='ocr_line' id='line_1_36' title="bbox 253 3138 2333 3222; baseline 0.003 -22"><span class='ocrx_word' id='word_1_310' title='bbox 253 3138 535 3220; x_wconf 88' lang='lat' dir='ltr'><strong>sumptis·</strong></span> <span class='ocrx_word' id='word_1_311' title='bbox 583 3141 802 3222; x_wconf 89' lang='lat' dir='ltr'><strong>quippe</strong></span> <span class='ocrx_word' id='word_1_312' title='bbox 825 3151 1124 3221; x_wconf 89' lang='lat' dir='ltr'><strong>amputata</strong></span> <span class='ocrx_word' id='word_1_313' title='bbox 1150 3143 1411 3206; x_wconf 88' lang='lat' dir='ltr'><strong>virorum</strong></span> <span class='ocrx_word' id='word_1_314' title='bbox 1438 3140 1703 3207; x_wconf 89' lang='lat' dir='ltr'><strong>membra</strong></span> <span class='ocrx_word' id='word_1_315' title='bbox 1726 3144 1892 3208; x_wconf 89' lang='lat' dir='ltr'><strong>humi</strong></span> <span class='ocrx_word' id='word_1_316' title='bbox 1915 3144 2221 3219; x_wconf 84' lang='lat' dir='ltr'><strong>iacebant,</strong></span> <span class='ocrx_word' id='word_1_317' title='bbox 2269 3149 2333 3206; x_wconf 82' lang='lat' dir='ltr'><strong>et</strong></span> 
     </span>
     <span class='ocr_line' id='line_1_37' title="bbox 256 3225 2335 3329; baseline 0.001 -41"><span class='ocrx_word' id='word_1_318' title='bbox 256 3225 392 3305; x_wconf 90' lang='lat' dir='ltr'><strong>quia</strong></span> <span class='ocrx_word' id='word_1_319' title='bbox 427 3225 628 3289; x_wconf 88' lang='lat' dir='ltr'><strong>calidis</strong></span> <span class='ocrx_word' id='word_1_320' title='bbox 663 3229 858 3291; x_wconf 88' lang='lat' dir='ltr'><strong>adhuc</strong></span> <span class='ocrx_word' id='word_1_321' title='bbox 887 3228 1233 3291; x_wconf 85' lang='lat' dir='ltr'><strong>vulneribus</strong></span> <span class='ocrx_word' id='word_1_322' title='bbox 1270 3232 1475 3294; x_wconf 88' lang='lat' dir='ltr'><strong>aberat</strong></span> <span class='ocrx_word' id='word_1_323' title='bbox 1508 3232 1707 3307; x_wconf 87' lang='lat' dir='ltr'><strong>dolor,</strong></span> <span class='ocrx_word' id='word_1_324' title='bbox 1763 3230 1958 3296; x_wconf 83' lang='lat' dir='ltr'><strong>trunci</strong></span> <span class='ocrx_word' id='word_1_325' title='bbox 1994 3248 2249 3329; x_wconf 46' lang='lat' dir='ltr'><strong>quoque·</strong></span> <span class='ocrx_word' id='word_1_326' title='bbox 2270 3236 2335 3292; x_wconf 86' lang='lat' dir='ltr'><strong>et</strong></span> 
     </span>
     <span class='ocr_line' id='line_1_38' title="bbox 255 3278 2333 3397; baseline 0.001 -22"><span class='ocrx_word' id='word_1_327' title='bbox 255 3310 484 3375; x_wconf 87' lang='lat' dir='ltr'><strong>debiles</strong></span> <span class='ocrx_word' id='word_1_328' title='bbox 523 3312 760 3393; x_wconf 86' lang='lat' dir='ltr'><strong>quidem</strong></span> <span class='ocrx_word' id='word_1_329' title='bbox 803 3331 963 3377; x_wconf 86' lang='lat' dir='ltr'><strong>arma</strong></span> <span class='ocrx_word' id='word_1_330' title='bbox 997 3333 1121 3377; x_wconf 91' lang='lat' dir='ltr'><strong>non</strong></span> <span class='ocrx_word' id='word_1_331' title='bbox 1155 3316 1532 3393; x_wconf 88' lang='lat' dir='ltr'><strong>omittebant,</strong></span> <span class='ocrx_word' id='word_1_332' title='bbox 1582 3278 1794 3385; x_wconf 63' lang='lat' dir='ltr'><strong>don’ec</strong></span> <span class='ocrx_word' id='word_1_333' title='bbox 1818 3318 2006 3381; x_wconf 90' lang='lat' dir='ltr'><strong>multo</strong></span> <span class='ocrx_word' id='word_1_334' title='bbox 2039 3315 2333 3397; x_wconf 86' lang='lat' dir='ltr'><strong>sanguine</strong></span> 
     </span>
     <span class='ocr_line' id='line_1_39' title="bbox 155 3392 2334 3485; baseline 0.003 -27"><span class='ocrx_word' id='word_1_335' title='bbox 155 3392 237 3458; x_wconf 82' lang='lat'><strong>18</strong></span> <span class='ocrx_word' id='word_1_336' title='bbox 256 3400 444 3461; x_wconf 78' lang='lat' dir='ltr'><strong>effuso</strong></span> <span class='ocrx_word' id='word_1_337' title='bbox 473 3398 782 3462; x_wconf 88' lang='lat' dir='ltr'><strong>exanimati</strong></span> <span class='ocrx_word' id='word_1_338' title='bbox 807 3402 1283 3480; x_wconf 86' lang='lat' dir='ltr'><strong>procumberent.</strong></span> <span class='ocrx_word' id='word_1_339' title='bbox 1326 3403 1567 3465; x_wconf 86' lang='lat' dir='ltr'><strong>Interim</strong></span> <span class='ocrx_word' id='word_1_340' title='bbox 1577 3404 1805 3479; x_wconf 65' lang='lat' dir='ltr'><strong>Aretes,</strong></span> <span class='ocrx_word' id='word_1_341' title='bbox 1834 3402 2201 3485; x_wconf 76' lang='lat' dir='ltr'><strong>Scytharum,</strong></span> <span class='ocrx_word' id='word_1_342' title='bbox 2228 3402 2334 3482; x_wconf 88' lang='lat' dir='ltr'><strong>qui</strong></span> 
     </span>
     <span class='ocr_line' id='line_1_40' title="bbox 255 3483 2335 3591; baseline 0.001 -44"><span class='ocrx_word' id='word_1_343' title='bbox 255 3483 677 3591; x_wconf 84' lang='lat' dir='ltr'><strong>impedimenta</strong></span> <span class='ocrx_word' id='word_1_344' title='bbox 702 3484 1089 3567; x_wconf 85' lang='lat' dir='ltr'><strong>diripiebant,</strong></span> <span class='ocrx_word' id='word_1_345' title='bbox 1128 3489 1279 3552; x_wconf 91' lang='lat' dir='ltr'><strong>duce</strong></span> <span class='ocrx_word' id='word_1_346' title='bbox 1306 3489 1501 3552; x_wconf 89' lang='lat' dir='ltr'><strong>occiso</strong></span> <span class='ocrx_word' id='word_1_347' title='bbox 1538 3490 1769 3569; x_wconf 86' lang='lat' dir='ltr'><strong>gravius</strong></span> <span class='ocrx_word' id='word_1_348' title='bbox 1805 3488 2021 3553; x_wconf 86' lang='lat' dir='ltr'><strong>territis</strong></span> <span class='ocrx_word' id='word_1_349' title='bbox 2048 3488 2335 3551; x_wconf 81' lang='lat' dir='ltr'><strong>instabat.</strong></span> 
     </span>
     <span class='ocr_line' id='line_1_41' title="bbox 307 3570 2333 3659; baseline 0.002 -28.057"><span class='ocrx_word' id='word_1_350' title='bbox 307 3588 664 3637; x_wconf 78' lang='lat' dir='ltr'><strong>pervenere</strong></span> <span class='ocrx_word' id='word_1_351' title='bbox 688 3570 902 3637; x_wconf 88' lang='lat' dir='ltr'><strong>deinde</strong></span> <span class='ocrx_word' id='word_1_352' title='bbox 925 3574 1134 3655; x_wconf 86' lang='lat' dir='ltr'><strong>[missi]</strong></span> <span class='ocrx_word' id='word_1_353' title='bbox 1155 3594 1189 3638; x_wconf 88' lang='lat' dir='ltr'><strong>a</strong></span> <span class='ocrx_word' id='word_1_354' title='bbox 1203 3576 1395 3639; x_wconf 87' lang='lat' dir='ltr'><strong>Dareo</strong></span> <span class='ocrx_word' id='word_1_355' title='bbox 1414 3576 1706 3641; x_wconf 88' lang='lat' dir='ltr'><strong>Bactriani</strong></span> <span class='ocrx_word' id='word_1_356' title='bbox 1727 3594 2077 3659; x_wconf 85' lang='lat' dir='ltr'><strong>pugnaeque</strong></span> <span class='ocrx_word' id='word_1_357' title='bbox 2094 3582 2333 3637; x_wconf 83' lang='lat' dir='ltr'><strong>vertere</strong></span> 
     </span>
    </p>
   </div>
   <div class='ocr_carea' id='block_1_3' title="bbox 2397 1629 2402 2183">
    <p class='ocr_par' dir='ltr' id='par_1_3' title="bbox 2397 1629 2402 2183">
     <span class='ocr_line' id='line_1_42' title="bbox 2397 1629 2402 2183; baseline 0 0"><span class='ocrx_word' id='word_1_358' title='bbox 2397 1629 2402 2183; x_wconf 95' lang='lat' dir='ltr'><strong> </strong></span> 
     </span>
    </p>
   </div>
  </div>
 </body>
</html>
