<?xml version="1.0" encoding="UTF-8"?>
<!DOCTYPE html PUBLIC "-//W3C//DTD XHTML 1.0 Transitional//EN"
    "http://www.w3.org/TR/xhtml1/DTD/xhtml1-transitional.dtd">
<html xmlns="http://www.w3.org/1999/xhtml" xml:lang="en" lang="en">
 <head>
  <title>
</title>
<meta http-equiv="Content-Type" content="text/html;charset=utf-8" />
  <meta name='ocr-system' content='tesseract 3.04.00' />
  <meta name='ocr-capabilities' content='ocr_page ocr_carea ocr_par ocr_line ocrx_word'/>
</head>
<body>
  <div class='ocr_page' id='page_1' title='image "./qcurtiirufidege00kochgoog_0194.png"; bbox 0 0 2417 3900; ppageno 0'>
   <div class='ocr_carea' id='block_1_1' title="bbox 322 120 2116 223">
    <p class='ocr_par' dir='ltr' id='par_1_1' title="bbox 322 120 2116 223">
     <span class='ocr_line' id='line_1_1' title="bbox 322 120 2116 223; baseline 0.001 -24"><span class='ocrx_word' id='word_1_1' title='bbox 322 195 329 199; x_wconf 82' lang='grc'>,</span> <span class='ocrx_word' id='word_1_2' title='bbox 425 174 434 182; x_wconf 26' lang='lat' dir='ltr'>x</span> <span class='ocrx_word' id='word_1_3' title='bbox 490 120 1637 223; x_wconf 17' lang='lat' dir='ltr'>uss.1x.&lt;vn.)ncin&gt;.111.1-‘2o.</span> <span class='ocrx_word' id='word_1_4' title='bbox 1745 146 1772 167; x_wconf 69' lang='lat'>=</span> <span class='ocrx_word' id='word_1_5' title='bbox 1993 140 2116 201; x_wconf 84' lang='lat'>187</span> 
     </span>
    </p>
   </div>
   <div class='ocr_carea' id='block_1_2' title="bbox 22 250 2308 3724">
    <p class='ocr_par' dir='ltr' id='par_1_2' title="bbox 34 250 2300 1357">
     <span class='ocr_line' id='line_1_2' title="bbox 57 250 2125 335; baseline 0.005 -23"><span class='ocrx_word' id='word_1_6' title='bbox 57 270 221 313; x_wconf 87' lang='lat' dir='ltr'>aures</span> <span class='ocrx_word' id='word_1_7' title='bbox 252 271 558 333; x_wconf 77' lang='lat' dir='ltr'>imperium</span> <span class='ocrx_word' id='word_1_8' title='bbox 589 264 765 331; x_wconf 90' lang='lat' dir='ltr'>atque</span> <span class='ocrx_word' id='word_1_9' title='bbox 802 250 1127 331; x_wconf 79' lang='lat' dir='ltr'>auspicium</span> <span class='ocrx_word' id='word_1_10' title='bbox 1151 261 1320 314; x_wconf 85' lang='lat' dir='ltr'>tuum</span> <span class='ocrx_word' id='word_1_11' title='bbox 1351 255 1832 317; x_wconf 77' lang='lat' dir='ltr'><strong>constantissime</strong></span> <span class='ocrx_word' id='word_1_12' title='bbox 1863 260 2125 335; x_wconf 85' lang='lat' dir='ltr'>sequutis</span> 
     </span>
     <span class='ocr_line' id='line_1_3' title="bbox 56 336 2185 419; baseline 0.004 -23"><span class='ocrx_word' id='word_1_13' title='bbox 56 346 111 397; x_wconf 90' lang='lat' dir='ltr'>et</span> <span class='ocrx_word' id='word_1_14' title='bbox 128 356 469 417; x_wconf 86' lang='lat' dir='ltr'>quocunque</span> <span class='ocrx_word' id='word_1_15' title='bbox 494 338 695 419; x_wconf 82' lang='lat' dir='ltr'>pergis</span> <span class='ocrx_word' id='word_1_16' title='bbox 718 336 1071 417; x_wconf 80' lang='lat' dir='ltr'>sequuturis.</span> <span class='ocrx_word' id='word_1_17' title='bbox 1119 337 1336 411; x_wconf 88' lang='lat' dir='ltr'>Vicisti,</span> <span class='ocrx_word' id='word_1_18' title='bbox 1365 356 1487 412; x_wconf 87' lang='lat' dir='ltr'>rex,</span> <span class='ocrx_word' id='word_1_19' title='bbox 1507 340 1910 417; x_wconf 80' lang='lat' dir='ltr'>magnitudine</span> <span class='ocrx_word' id='word_1_20' title='bbox 1931 360 2126 405; x_wconf 88' lang='lat' dir='ltr'>rerum</span> <span class='ocrx_word' id='word_1_21' title='bbox 2144 352 2185 413; x_wconf 86' lang='grc'><strong>7</strong></span> 
     </span>
     <span class='ocr_line' id='line_1_4' title="bbox 52 421 2128 504; baseline 0.002 -22"><span class='ocrx_word' id='word_1_22' title='bbox 52 442 163 483; x_wconf 91' lang='lat' dir='ltr'>non</span> <span class='ocrx_word' id='word_1_23' title='bbox 184 424 388 485; x_wconf 88' lang='lat' dir='ltr'>hostes</span> <span class='ocrx_word' id='word_1_24' title='bbox 410 425 612 498; x_wconf 88' lang='lat' dir='ltr'>modo,</span> <span class='ocrx_word' id='word_1_25' title='bbox 637 423 745 485; x_wconf 89' lang='lat' dir='ltr'>sed</span> <span class='ocrx_word' id='word_1_26' title='bbox 768 422 945 483; x_wconf 89' lang='lat' dir='ltr'>etiam</span> <span class='ocrx_word' id='word_1_27' title='bbox 970 421 1205 483; x_wconf 89' lang='lat' dir='ltr'>milites.</span> <span class='ocrx_word' id='word_1_28' title='bbox 1250 422 1551 501; x_wconf 80' lang='lat' dir='ltr'>Quidquid</span> <span class='ocrx_word' id='word_1_29' title='bbox 1572 425 1894 487; x_wconf 80' lang='lat' dir='ltr'>mortalitas</span> <span class='ocrx_word' id='word_1_30' title='bbox 1919 444 2128 504; x_wconf 87' lang='lat' dir='ltr'>capere</span> 
     </span>
     <span class='ocr_line' id='line_1_5' title="bbox 52 506 2130 589; baseline 0.002 -22"><span class='ocrx_word' id='word_1_31' title='bbox 52 518 287 587; x_wconf 82' lang='lat' dir='ltr'>poterat,</span> <span class='ocrx_word' id='word_1_32' title='bbox 333 510 727 589; x_wconf 79' lang='lat' dir='ltr'>implevimus,</span> <span class='ocrx_word' id='word_1_33' title='bbox 795 506 1069 569; x_wconf 78' lang='lat' dir='ltr'>Emensis</span> <span class='ocrx_word' id='word_1_34' title='bbox 1112 508 1298 570; x_wconf 85' lang='lat' dir='ltr'>maria</span> <span class='ocrx_word' id='word_1_35' title='bbox 1341 515 1646 586; x_wconf 88' lang='lat' dir='ltr'>terrasque</span> <span class='ocrx_word' id='word_1_36' title='bbox 1688 510 1894 572; x_wconf 88' lang='lat' dir='ltr'>melius</span> <span class='ocrx_word' id='word_1_37' title='bbox 1938 511 2130 582; x_wconf 88' lang='lat' dir='ltr'>nobis,</span> 
     </span>
     <span class='ocr_line' id='line_1_6' title="bbox 52 592 2132 671; baseline 0 -18"><span class='ocrx_word' id='word_1_38' title='bbox 52 612 218 671; x_wconf 85' lang='lat' dir='ltr'>quam</span> <span class='ocrx_word' id='word_1_39' title='bbox 240 594 470 669; x_wconf 77' lang='lat' dir='ltr'>incoliS‚</span> <span class='ocrx_word' id='word_1_40' title='bbox 498 595 693 656; x_wconf 89' lang='lat' dir='ltr'>omnia</span> <span class='ocrx_word' id='word_1_41' title='bbox 716 602 854 654; x_wconf 87' lang='lat' dir='ltr'>nota</span> <span class='ocrx_word' id='word_1_42' title='bbox 878 602 1033 655; x_wconf 87' lang='lat' dir='ltr'>sunt.</span> <span class='ocrx_word' id='word_1_43' title='bbox 1077 592 1276 654; x_wconf 87' lang='lat' dir='ltr'>Paene</span> <span class='ocrx_word' id='word_1_44' title='bbox 1301 593 1364 653; x_wconf 89' lang='lat' dir='ltr'>in</span> <span class='ocrx_word' id='word_1_45' title='bbox 1391 593 1595 654; x_wconf 89' lang='lat' dir='ltr'>ultimo</span> <span class='ocrx_word' id='word_1_46' title='bbox 1617 596 1819 655; x_wconf 88' lang='lat' dir='ltr'>mundi</span> <span class='ocrx_word' id='word_1_47' title='bbox 1841 598 1958 655; x_wconf 80' lang='lat' dir='ltr'>tine</span> <span class='ocrx_word' id='word_1_48' title='bbox 1987 614 2132 656; x_wconf 90' lang='lat' dir='ltr'>con-</span> 
     </span>
     <span class='ocr_line' id='line_1_7' title="bbox 46 676 2193 759; baseline 0.002 -21"><span class='ocrx_word' id='word_1_49' title='bbox 46 680 326 741; x_wconf 87' lang='lat' dir='ltr'>sistimus.</span> <span class='ocrx_word' id='word_1_50' title='bbox 372 681 441 741; x_wconf 91' lang='lat' dir='ltr'>ln</span> <span class='ocrx_word' id='word_1_51' title='bbox 466 680 640 742; x_wconf 90' lang='lat' dir='ltr'>alium</span> <span class='ocrx_word' id='word_1_52' title='bbox 670 679 873 740; x_wconf 88' lang='lat' dir='ltr'>orbem</span> <span class='ocrx_word' id='word_1_53' title='bbox 897 696 1070 759; x_wconf 88' lang='lat' dir='ltr'>paras</span> <span class='ocrx_word' id='word_1_54' title='bbox 1095 676 1185 739; x_wconf 89' lang='lat' dir='ltr'>ire</span> <span class='ocrx_word' id='word_1_55' title='bbox 1206 688 1267 740; x_wconf 89' lang='lat' dir='ltr'>et</span> <span class='ocrx_word' id='word_1_56' title='bbox 1285 678 1514 740; x_wconf 84' lang='lat' dir='ltr'>Indiam</span> <span class='ocrx_word' id='word_1_57' title='bbox 1540 680 1772 757; x_wconf 85' lang='lat' dir='ltr'>quaeris</span> <span class='ocrx_word' id='word_1_58' title='bbox 1798 680 1958 740; x_wconf 86' lang='lat' dir='ltr'>[ndis</span> <span class='ocrx_word' id='word_1_59' title='bbox 1984 700 2136 759; x_wconf 83' lang='lat' dir='ltr'>quo·</span> <span class='ocrx_word' id='word_1_60' title='bbox 2154 682 2193 743; x_wconf 88' lang='lat'>8</span> 
     </span>
     <span class='ocr_line' id='line_1_8' title="bbox 46 764 2138 845; baseline 0 -21"><span class='ocrx_word' id='word_1_61' title='bbox 46 784 155 843; x_wconf 90' lang='lat' dir='ltr'>que</span> <span class='ocrx_word' id='word_1_62' title='bbox 188 766 480 843; x_wconf 83' lang='lat' dir='ltr'>ignotam3</span> <span class='ocrx_word' id='word_1_63' title='bbox 522 766 674 827; x_wconf 89' lang='lat' dir='ltr'>inter</span> <span class='ocrx_word' id='word_1_64' title='bbox 695 766 849 826; x_wconf 81' lang='lat' dir='ltr'>feras</span> <span class='ocrx_word' id='word_1_65' title='bbox 889 772 1319 845; x_wconf 80' lang='lat' dir='ltr'>serpentesque</span> <span class='ocrx_word' id='word_1_66' title='bbox 1345 764 1629 843; x_wconf 82' lang='lat' dir='ltr'>degentes</span> <span class='ocrx_word' id='word_1_67' title='bbox 1657 782 1864 825; x_wconf 89' lang='lat' dir='ltr'>eruere</span> <span class='ocrx_word' id='word_1_68' title='bbox 1893 783 1964 825; x_wconf 83' lang='lat' dir='ltr'>ex</span> <span class='ocrx_word' id='word_1_69' title='bbox 1991 766 2138 825; x_wconf 87' lang='lat' dir='ltr'>late-</span> 
     </span>
     <span class='ocr_line' id='line_1_9' title="bbox 38 850 2136 932; baseline 0 -21"><span class='ocrx_word' id='word_1_70' title='bbox 38 850 163 911; x_wconf 85' lang='lat' dir='ltr'>bris</span> <span class='ocrx_word' id='word_1_71' title='bbox 200 858 259 910; x_wconf 90' lang='lat' dir='ltr'>et</span> <span class='ocrx_word' id='word_1_72' title='bbox 286 851 569 912; x_wconf 89' lang='lat' dir='ltr'>cubilibus</span> <span class='ocrx_word' id='word_1_73' title='bbox 597 850 717 913; x_wconf 90' lang='lat' dir='ltr'>suis</span> <span class='ocrx_word' id='word_1_74' title='bbox 746 852 987 932; x_wconf 77' lang='lat' dir='ltr'>expetiS,</span> <span class='ocrx_word' id='word_1_75' title='bbox 1030 860 1094 911; x_wconf 90' lang='lat' dir='ltr'>ut</span> <span class='ocrx_word' id='word_1_76' title='bbox 1119 852 1308 930; x_wconf 89' lang='lat' dir='ltr'>plura,</span> <span class='ocrx_word' id='word_1_77' title='bbox 1355 868 1530 931; x_wconf 84' lang='lat' dir='ltr'>quam</span> <span class='ocrx_word' id='word_1_78' title='bbox 1557 850 1648 909; x_wconf 91' lang='lat' dir='ltr'>sol</span> <span class='ocrx_word' id='word_1_79' title='bbox 1675 850 1846 922; x_wconf 86' lang='lat' dir='ltr'>videt,</span> <span class='ocrx_word' id='word_1_80' title='bbox 1893 851 2136 911; x_wconf 78' lang='lat' dir='ltr'>victoria</span> 
     </span>
     <span class='ocr_line' id='line_1_10' title="bbox 36 936 2300 1017; baseline 0 -20"><span class='ocrx_word' id='word_1_81' title='bbox 36 936 281 997; x_wconf 78' lang='lat' dir='ltr'>lustres,</span> <span class='ocrx_word' id='word_1_82' title='bbox 346 936 525 1015; x_wconf 83' lang='lat' dir='ltr'>Digna</span> <span class='ocrx_word' id='word_1_83' title='bbox 569 956 811 1017; x_wconf 86' lang='lat' dir='ltr'>prorsus</span> <span class='ocrx_word' id='word_1_84' title='bbox 850 936 1121 1015; x_wconf 83' lang='lat' dir='ltr'>cogitatio</span> <span class='ocrx_word' id='word_1_85' title='bbox 1164 936 1364 997; x_wconf 91' lang='lat' dir='ltr'>animo</span> <span class='ocrx_word' id='word_1_86' title='bbox 1399 944 1518 1009; x_wconf 89' lang='lat' dir='ltr'>tuo,</span> <span class='ocrx_word' id='word_1_87' title='bbox 1563 936 1671 997; x_wconf 87' lang='lat' dir='ltr'>sed</span> <span class='ocrx_word' id='word_1_88' title='bbox 1707 937 1878 999; x_wconf 87' lang='lat' dir='ltr'>altior</span> <span class='ocrx_word' id='word_1_89' title='bbox 1904 938 2192 1000; x_wconf 82' lang='lat' dir='ltr'>nostro.9</span> <span class='ocrx_word' id='word_1_90' title='bbox 2298 958 2300 967; x_wconf 93' lang='lat'><em>·</em></span> 
     </span>
     <span class='ocr_line' id='line_1_11' title="bbox 36 1018 2134 1101; baseline 0.002 -23"><span class='ocrx_word' id='word_1_91' title='bbox 36 1018 238 1081; x_wconf 77' lang='lat' dir='ltr'>Virtus</span> <span class='ocrx_word' id='word_1_92' title='bbox 266 1040 417 1083; x_wconf 88' lang='lat' dir='ltr'>emm</span> <span class='ocrx_word' id='word_1_93' title='bbox 444 1032 537 1085; x_wconf 90' lang='lat' dir='ltr'>tua</span> <span class='ocrx_word' id='word_1_94' title='bbox 566 1041 805 1101; x_wconf 89' lang='lat' dir='ltr'>semper</span> <span class='ocrx_word' id='word_1_95' title='bbox 820 1022 880 1082; x_wconf 89' lang='lat' dir='ltr'>in</span> <span class='ocrx_word' id='word_1_96' title='bbox 905 1023 1272 1084; x_wconf 87' lang='lat' dir='ltr'>incremento</span> <span class='ocrx_word' id='word_1_97' title='bbox 1301 1019 1428 1096; x_wconf 86' lang='lat' dir='ltr'>erit,</span> <span class='ocrx_word' id='word_1_98' title='bbox 1455 1030 1655 1082; x_wconf 86' lang='lat' dir='ltr'>nostra</span> <span class='ocrx_word' id='word_1_99' title='bbox 1681 1022 1764 1085; x_wconf 86' lang='lat' dir='ltr'>vis</span> <span class='ocrx_word' id='word_1_100' title='bbox 1790 1024 1990 1085; x_wconf 85' lang='lat' dir='ltr'>iamin</span> <span class='ocrx_word' id='word_1_101' title='bbox 2015 1024 2134 1084; x_wconf 85' lang='lat' dir='ltr'>fine</span> 
     </span>
     <span class='ocr_line' id='line_1_12' title="bbox 38 1107 2236 1188; baseline 0.001 -23"><span class='ocrx_word' id='word_1_102' title='bbox 38 1116 146 1167; x_wconf 90' lang='lat' dir='ltr'>est.</span> <span class='ocrx_word' id='word_1_103' title='bbox 215 1107 444 1169; x_wconf 81' lang='lat' dir='ltr'>Intuere</span> <span class='ocrx_word' id='word_1_104' title='bbox 471 1126 717 1188; x_wconf 87' lang='lat' dir='ltr'>corpora</span> <span class='ocrx_word' id='word_1_105' title='bbox 744 1108 1080 1186; x_wconf 85' lang='lat' dir='ltr'>exsanguia,</span> <span class='ocrx_word' id='word_1_106' title='bbox 1121 1115 1211 1168; x_wconf 91' lang='lat' dir='ltr'>tot</span> <span class='ocrx_word' id='word_1_107' title='bbox 1236 1110 1504 1187; x_wconf 81' lang='lat' dir='ltr'>perfossa</span> <span class='ocrx_word' id='word_1_108' title='bbox 1536 1109 1896 1181; x_wconf 82' lang='lat' dir='ltr'>vulneribus,</span> <span class='ocrx_word' id='word_1_109' title='bbox 1932 1119 2024 1170; x_wconf 89' lang='lat' dir='ltr'>tot</span> <span class='ocrx_word' id='word_1_110' title='bbox 2049 1108 2134 1169; x_wconf 88' lang='lat' dir='ltr'>ci·</span> <span class='ocrx_word' id='word_1_111' title='bbox 2159 1107 2236 1167; x_wconf 84' lang='lat'>10</span> 
     </span>
     <span class='ocr_line' id='line_1_13' title="bbox 36 1192 2134 1272; baseline 0 -19"><span class='ocrx_word' id='word_1_112' title='bbox 36 1192 358 1253; x_wconf 86' lang='lat' dir='ltr'>catricibus</span> <span class='ocrx_word' id='word_1_113' title='bbox 388 1195 607 1272; x_wconf 82' lang='lat' dir='ltr'>putria.</span> <span class='ocrx_word' id='word_1_114' title='bbox 678 1194 798 1252; x_wconf 89' lang='lat' dir='ltr'>lam</span> <span class='ocrx_word' id='word_1_115' title='bbox 833 1193 948 1252; x_wconf 90' lang='lat' dir='ltr'>tela</span> <span class='ocrx_word' id='word_1_116' title='bbox 987 1192 1224 1252; x_wconf 88' lang='lat' dir='ltr'>hebetia</span> <span class='ocrx_word' id='word_1_117' title='bbox 1268 1202 1425 1265; x_wconf 89' lang='lat' dir='ltr'>sunt,</span> <span class='ocrx_word' id='word_1_118' title='bbox 1469 1194 1582 1251; x_wconf 90' lang='lat' dir='ltr'>iam</span> <span class='ocrx_word' id='word_1_119' title='bbox 1625 1210 1788 1253; x_wconf 90' lang='lat' dir='ltr'>arma</span> <span class='ocrx_word' id='word_1_120' title='bbox 1833 1194 2134 1256; x_wconf 85' lang='lat' dir='ltr'>deficiunt.</span> 
     </span>
     <span class='ocr_line' id='line_1_14' title="bbox 34 1276 2132 1357; baseline 0.004 -22"><span class='ocrx_word' id='word_1_121' title='bbox 34 1278 278 1338; x_wconf 80' lang='lat' dir='ltr'>Vestem</span> <span class='ocrx_word' id='word_1_122' title='bbox 304 1278 600 1339; x_wconf 82' lang='lat' dir='ltr'>Persicam</span> <span class='ocrx_word' id='word_1_123' title='bbox 626 1276 947 1349; x_wconf 87' lang='lat' dir='ltr'>induimus,</span> <span class='ocrx_word' id='word_1_124' title='bbox 978 1276 1111 1354; x_wconf 88' lang='lat' dir='ltr'>quia</span> <span class='ocrx_word' id='word_1_125' title='bbox 1139 1276 1459 1337; x_wconf 83' lang='lat' dir='ltr'>domestica</span> <span class='ocrx_word' id='word_1_126' title='bbox 1489 1277 1734 1337; x_wconf 86' lang='lat' dir='ltr'>subvehi</span> <span class='ocrx_word' id='word_1_127' title='bbox 1765 1298 1886 1339; x_wconf 91' lang='lat' dir='ltr'>non</span> <span class='ocrx_word' id='word_1_128' title='bbox 1915 1289 2132 1357; x_wconf 87' lang='lat' dir='ltr'>potest.</span> 
     </span>
    </p>

    <p class='ocr_par' dir='ltr' id='par_1_3' title="bbox 25 1361 2233 2126">
     <span class='ocr_line' id='line_1_15' title="bbox 36 1361 2233 1441; baseline 0.003 -18"><span class='ocrx_word' id='word_1_129' title='bbox 36 1362 97 1424; x_wconf 91' lang='lat' dir='ltr'>In</span> <span class='ocrx_word' id='word_1_130' title='bbox 130 1375 442 1424; x_wconf 82' lang='lat' dir='ltr'>externum</span> <span class='ocrx_word' id='word_1_131' title='bbox 473 1361 959 1440; x_wconf 84' lang='lat' dir='ltr'>degeneravimus</span> <span class='ocrx_word' id='word_1_132' title='bbox 998 1362 1235 1421; x_wconf 87' lang='lat' dir='ltr'>cultum.</span> <span class='ocrx_word' id='word_1_133' title='bbox 1309 1361 1752 1441; x_wconf 82' lang='lat' dir='ltr'>Quoto-cuique</span> <span class='ocrx_word' id='word_1_134' title='bbox 1778 1364 1957 1425; x_wconf 88' lang='lat' dir='ltr'>lorica</span> <span class='ocrx_word' id='word_1_135' title='bbox 1993 1362 2132 1427; x_wconf 78' lang='lat' dir='ltr'>est?</span> <span class='ocrx_word' id='word_1_136' title='bbox 2155 1371 2233 1437; x_wconf 88' lang='lat'>11</span> 
     </span>
     <span class='ocr_line' id='line_1_16' title="bbox 36 1444 2131 1531; baseline 0.001 -21"><span class='ocrx_word' id='word_1_137' title='bbox 36 1450 173 1529; x_wconf 90' lang='lat' dir='ltr'>quis</span> <span class='ocrx_word' id='word_1_138' title='bbox 201 1467 416 1527; x_wconf 88' lang='lat' dir='ltr'>equum</span> <span class='ocrx_word' id='word_1_139' title='bbox 435 1448 611 1509; x_wconf 84' lang='lat' dir='ltr'>habet</span> <span class='ocrx_word' id='word_1_140' title='bbox 625 1444 660 1507; x_wconf 77' lang='lat'>⁴?</span> <span class='ocrx_word' id='word_1_141' title='bbox 692 1448 835 1508; x_wconf 90' lang='lat' dir='ltr'>lube</span> <span class='ocrx_word' id='word_1_142' title='bbox 858 1446 1075 1525; x_wconf 88' lang='lat' dir='ltr'>quaeri,</span> <span class='ocrx_word' id='word_1_143' title='bbox 1103 1464 1277 1525; x_wconf 88' lang='lat' dir='ltr'>quam</span> <span class='ocrx_word' id='word_1_144' title='bbox 1297 1448 1511 1507; x_wconf 88' lang='lat' dir='ltr'>multos</span> <span class='ocrx_word' id='word_1_145' title='bbox 1536 1448 1688 1507; x_wconf 89' lang='lat' dir='ltr'>servi</span> <span class='ocrx_word' id='word_1_146' title='bbox 1706 1448 1970 1528; x_wconf 88' lang='lat' dir='ltr'>ipsorum</span> <span class='ocrx_word' id='word_1_147' title='bbox 1993 1470 2131 1531; x_wconf 89' lang='lat' dir='ltr'>per-</span> 
     </span>
     <span class='ocr_line' id='line_1_17' title="bbox 32 1531 2134 1614; baseline 0.001 -19"><span class='ocrx_word' id='word_1_148' title='bbox 32 1552 276 1614; x_wconf 78' lang='lat' dir='ltr'>sequuti</span> <span class='ocrx_word' id='word_1_149' title='bbox 302 1542 436 1607; x_wconf 79' lang='lat' dir='ltr'>sint,</span> <span class='ocrx_word' id='word_1_150' title='bbox 482 1534 625 1613; x_wconf 89' lang='lat' dir='ltr'>quid</span> <span class='ocrx_word' id='word_1_151' title='bbox 651 1533 861 1611; x_wconf 89' lang='lat' dir='ltr'>cuique</span> <span class='ocrx_word' id='word_1_152' title='bbox 887 1531 1145 1612; x_wconf 86' lang='lat' dir='ltr'>supersit</span> <span class='ocrx_word' id='word_1_153' title='bbox 1170 1550 1240 1591; x_wconf 86' lang='lat' dir='ltr'>ex</span> <span class='ocrx_word' id='word_1_154' title='bbox 1265 1534 1505 1611; x_wconf 88' lang='lat' dir='ltr'>praeda.</span> <span class='ocrx_word' id='word_1_155' title='bbox 1572 1532 1850 1595; x_wconf 88' lang='lat' dir='ltr'>Omnium</span> <span class='ocrx_word' id='word_1_156' title='bbox 1879 1535 2134 1597; x_wconf 86' lang='lat' dir='ltr'>victores</span> 
     </span>
     <span class='ocr_line' id='line_1_18' title="bbox 30 1616 2134 1698; baseline 0.001 -17"><span class='ocrx_word' id='word_1_157' title='bbox 30 1619 307 1681; x_wconf 86' lang='lat' dir='ltr'>omnium</span> <span class='ocrx_word' id='word_1_158' title='bbox 333 1638 543 1698; x_wconf 75' lang='lat' dir='ltr'>inopes</span> <span class='ocrx_word' id='word_1_159' title='bbox 562 1636 787 1680; x_wconf 78' lang='lat' dir='ltr'>sumus,</span> <span class='ocrx_word' id='word_1_160' title='bbox 832 1617 955 1679; x_wconf 90' lang='lat' dir='ltr'>Nec</span> <span class='ocrx_word' id='word_1_161' title='bbox 970 1616 1195 1679; x_wconf 77' lang='lat' dir='ltr'>luxuria</span> <span class='ocrx_word' id='word_1_162' title='bbox 1221 1618 1576 1692; x_wconf 81' lang='lat' dir='ltr'>laboramuS‚</span> <span class='ocrx_word' id='word_1_163' title='bbox 1601 1620 1708 1681; x_wconf 91' lang='lat' dir='ltr'>sed</span> <span class='ocrx_word' id='word_1_164' title='bbox 1728 1620 1884 1682; x_wconf 88' lang='lat' dir='ltr'>bello</span> <span class='ocrx_word' id='word_1_165' title='bbox 1910 1620 2134 1683; x_wconf 88' lang='lat' dir='ltr'>instru-</span> 
     </span>
     <span class='ocr_line' id='line_1_19' title="bbox 27 1702 2233 1783; baseline 0.003 -16"><span class='ocrx_word' id='word_1_166' title='bbox 27 1716 244 1767; x_wconf 89' lang='lat' dir='ltr'>menta</span> <span class='ocrx_word' id='word_1_167' title='bbox 277 1702 412 1764; x_wconf 76' lang='lat' dir='ltr'>belli</span> <span class='ocrx_word' id='word_1_168' title='bbox 448 1703 941 1783; x_wconf 86' lang='lat' dir='ltr'>consumpsimus.</span> <span class='ocrx_word' id='word_1_169' title='bbox 1010 1703 1181 1765; x_wconf 89' lang='lat' dir='ltr'>Hunc</span> <span class='ocrx_word' id='word_1_170' title='bbox 1215 1712 1281 1765; x_wconf 91' lang='lat' dir='ltr'>tu</span> <span class='ocrx_word' id='word_1_171' title='bbox 1321 1703 1777 1783; x_wconf 87' lang='lat' dir='ltr'>pulcherrimum</span> <span class='ocrx_word' id='word_1_172' title='bbox 1809 1707 2132 1771; x_wconf 85' lang='lat' dir='ltr'>exercitum</span> <span class='ocrx_word' id='word_1_173' title='bbox 2153 1710 2233 1773; x_wconf 72' lang='lat'>12</span> 
     </span>
     <span class='ocr_line' id='line_1_20' title="bbox 26 1786 2130 1871; baseline 0.002 -21"><span class='ocrx_word' id='word_1_174' title='bbox 26 1791 270 1859; x_wconf 82' lang='lat' dir='ltr'>&#39;nudum</span> <span class='ocrx_word' id='word_1_175' title='bbox 300 1788 535 1851; x_wconf 86' lang='lat' dir='ltr'>obiicies</span> <span class='ocrx_word' id='word_1_176' title='bbox 554 1786 787 1852; x_wconf 76' lang='lat' dir='ltr'>beluis?</span> <span class='ocrx_word' id='word_1_177' title='bbox 833 1792 1094 1864; x_wconf 87' lang='lat' dir='ltr'>Quarum</span> <span class='ocrx_word' id='word_1_178' title='bbox 1115 1799 1181 1852; x_wconf 90' lang='lat' dir='ltr'>ut</span> <span class='ocrx_word' id='word_1_179' title='bbox 1204 1791 1632 1853; x_wconf 87' lang='lat' dir='ltr'>multitudinem</span> <span class='ocrx_word' id='word_1_180' title='bbox 1659 1802 1912 1871; x_wconf 81' lang='lat' dir='ltr'>augeant</span> <span class='ocrx_word' id='word_1_181' title='bbox 1937 1796 2012 1855; x_wconf 90' lang='lat' dir='ltr'>de</span> <span class='ocrx_word' id='word_1_182' title='bbox 2035 1794 2130 1855; x_wconf 89' lang='lat' dir='ltr'>in-</span> 
     </span>
     <span class='ocr_line' id='line_1_21' title="bbox 25 1872 2128 1956; baseline 0.002 -19"><span class='ocrx_word' id='word_1_183' title='bbox 25 1872 270 1937; x_wconf 77' lang='lat' dir='ltr'>dustria</span> <span class='ocrx_word' id='word_1_184' title='bbox 301 1876 549 1952; x_wconf 81' lang='lat' dir='ltr'>barbari,</span> <span class='ocrx_word' id='word_1_185' title='bbox 592 1894 869 1956; x_wconf 90' lang='lat' dir='ltr'>magnum</span> <span class='ocrx_word' id='word_1_186' title='bbox 904 1885 1102 1939; x_wconf 89' lang='lat' dir='ltr'>tamen</span> <span class='ocrx_word' id='word_1_187' title='bbox 1138 1894 1270 1937; x_wconf 89' lang='lat' dir='ltr'>esse</span> <span class='ocrx_word' id='word_1_188' title='bbox 1305 1896 1612 1939; x_wconf 88' lang='lat' dir='ltr'>numerum</span> <span class='ocrx_word' id='word_1_189' title='bbox 1655 1878 1828 1941; x_wconf 90' lang='lat' dir='ltr'>etiam</span> <span class='ocrx_word' id='word_1_190' title='bbox 1861 1899 1928 1940; x_wconf 85' lang='lat' dir='ltr'>ex</span> <span class='ocrx_word' id='word_1_191' title='bbox 1959 1898 2128 1941; x_wconf 89' lang='lat' dir='ltr'>men-</span> 
     </span>
     <span class='ocr_line' id='line_1_22' title="bbox 26 1963 2233 2042; baseline 0.003 -19"><span class='ocrx_word' id='word_1_192' title='bbox 26 1963 211 2023; x_wconf 88' lang='lat' dir='ltr'>dacio</span> <span class='ocrx_word' id='word_1_193' title='bbox 244 1963 522 2041; x_wconf 80' lang='lat' dir='ltr'>mtelligo.</span> <span class='ocrx_word' id='word_1_194' title='bbox 593 1963 821 2037; x_wconf 88' lang='lat' dir='ltr'>Quodsi</span> <span class='ocrx_word' id='word_1_195' title='bbox 856 1963 1050 2026; x_wconf 89' lang='lat' dir='ltr'>adhuc</span> <span class='ocrx_word' id='word_1_196' title='bbox 1084 1972 1396 2042; x_wconf 89' lang='lat' dir='ltr'>penetrare</span> <span class='ocrx_word' id='word_1_197' title='bbox 1422 1965 1482 2025; x_wconf 87' lang='lat' dir='ltr'>in</span> <span class='ocrx_word' id='word_1_198' title='bbox 1512 1966 1735 2026; x_wconf 78' lang='lat' dir='ltr'>Indiam</span> <span class='ocrx_word' id='word_1_199' title='bbox 1763 1977 1984 2028; x_wconf 86' lang='lat' dir='ltr'>certum</span> <span class='ocrx_word' id='word_1_200' title='bbox 2019 1975 2128 2042; x_wconf 89' lang='lat' dir='ltr'>est,</span> <span class='ocrx_word' id='word_1_201' title='bbox 2153 1967 2233 2030; x_wconf 77' lang='lat'>13</span> 
     </span>
     <span class='ocr_line' id='line_1_23' title="bbox 25 2047 2128 2126; baseline 0.001 -18"><span class='ocrx_word' id='word_1_202' title='bbox 25 2049 207 2125; x_wconf 89' lang='lat' dir='ltr'>regio</span> <span class='ocrx_word' id='word_1_203' title='bbox 248 2067 280 2108; x_wconf 92' lang='lat' dir='ltr'>a</span> <span class='ocrx_word' id='word_1_204' title='bbox 322 2048 567 2109; x_wconf 90' lang='lat' dir='ltr'>meridie</span> <span class='ocrx_word' id='word_1_205' title='bbox 591 2047 785 2109; x_wconf 88' lang='lat' dir='ltr'>minus</span> <span class='ocrx_word' id='word_1_206' title='bbox 812 2059 975 2110; x_wconf 82' lang='lat' dir='ltr'>vasta</span> <span class='ocrx_word' id='word_1_207' title='bbox 1000 2057 1119 2121; x_wconf 67' lang='lat' dir='ltr'>est,</span> <span class='ocrx_word' id='word_1_208' title='bbox 1163 2066 1276 2126; x_wconf 91' lang='lat' dir='ltr'>qua</span> <span class='ocrx_word' id='word_1_209' title='bbox 1315 2051 1554 2110; x_wconf 89' lang='lat' dir='ltr'>subacta</span> <span class='ocrx_word' id='word_1_210' title='bbox 1587 2052 1782 2110; x_wconf 83' lang='lat' dir='ltr'>licebit</span> <span class='ocrx_word' id='word_1_211' title='bbox 1814 2053 2128 2112; x_wconf 86' lang='lat' dir='ltr'>decurrere</span> 
     </span>
    </p>

    <p class='ocr_par' dir='ltr' id='par_1_4' title="bbox 26 2132 2308 2640">
     <span class='ocr_line' id='line_1_24' title="bbox 26 2132 2130 2211; baseline 0.001 -19"><span class='ocrx_word' id='word_1_212' title='bbox 26 2132 85 2194; x_wconf 92' lang='lat' dir='ltr'>in</span> <span class='ocrx_word' id='word_1_213' title='bbox 117 2132 272 2193; x_wconf 90' lang='lat' dir='ltr'>illud</span> <span class='ocrx_word' id='word_1_214' title='bbox 298 2151 479 2204; x_wconf 82' lang='lat' dir='ltr'>mare,</span> <span class='ocrx_word' id='word_1_215' title='bbox 511 2133 667 2211; x_wconf 91' lang='lat' dir='ltr'>quod</span> <span class='ocrx_word' id='word_1_216' title='bbox 692 2133 875 2193; x_wconf 89' lang='lat' dir='ltr'>rebus</span> <span class='ocrx_word' id='word_1_217' title='bbox 900 2132 1173 2193; x_wconf 89' lang='lat' dir='ltr'>humanis</span> <span class='ocrx_word' id='word_1_218' title='bbox 1195 2134 1510 2192; x_wconf 86' lang='lat' dir='ltr'>terminum</span> <span class='ocrx_word' id='word_1_219' title='bbox 1535 2134 1716 2193; x_wconf 84' lang='lat' dir='ltr'>voluit</span> <span class='ocrx_word' id='word_1_220' title='bbox 1742 2151 1874 2192; x_wconf 89' lang='lat' dir='ltr'>esse</span> <span class='ocrx_word' id='word_1_221' title='bbox 1902 2143 2130 2194; x_wconf 88' lang='lat' dir='ltr'>natura.</span> 
     </span>
     <span class='ocr_line' id='line_1_25' title="bbox 28 2214 2235 2295; baseline -0.001 -15"><span class='ocrx_word' id='word_1_222' title='bbox 28 2219 159 2280; x_wconf 85' lang='lat' dir='ltr'>Cur</span> <span class='ocrx_word' id='word_1_223' title='bbox 188 2228 434 2279; x_wconf 80' lang='lat' dir='ltr'>clrcuitu</span> <span class='ocrx_word' id='word_1_224' title='bbox 462 2217 613 2295; x_wconf 90' lang='lat' dir='ltr'>petis</span> <span class='ocrx_word' id='word_1_225' title='bbox 643 2215 907 2294; x_wconf 84' lang='lat' dir='ltr'>gloriam,</span> <span class='ocrx_word' id='word_1_226' title='bbox 934 2235 1083 2295; x_wconf 88' lang='lat' dir='ltr'>quae</span> <span class='ocrx_word' id='word_1_227' title='bbox 1104 2216 1179 2275; x_wconf 88' lang='lat' dir='ltr'>ad</span> <span class='ocrx_word' id='word_1_228' title='bbox 1202 2235 1440 2277; x_wconf 88' lang='lat' dir='ltr'>manum</span> <span class='ocrx_word' id='word_1_229' title='bbox 1465 2218 1653 2294; x_wconf 89' lang='lat' dir='ltr'>posita</span> <span class='ocrx_word' id='word_1_230' title='bbox 1677 2214 1807 2276; x_wconf 74' lang='lat' dir='ltr'>est?</span> <span class='ocrx_word' id='word_1_231' title='bbox 1853 2217 1961 2277; x_wconf 83' lang='lat' dir='ltr'>Hic</span> <span class='ocrx_word' id='word_1_232' title='bbox 1983 2236 2132 2295; x_wconf 88' lang='lat' dir='ltr'>quo-</span> <span class='ocrx_word' id='word_1_233' title='bbox 2155 2217 2235 2278; x_wconf 78' lang='lat'>14</span> 
     </span>
     <span class='ocr_line' id='line_1_26' title="bbox 30 2298 2308 2381; baseline 0.001 -21"><span class='ocrx_word' id='word_1_234' title='bbox 30 2323 150 2381; x_wconf 86' lang='lat' dir='ltr'>que</span> <span class='ocrx_word' id='word_1_235' title='bbox 185 2302 445 2363; x_wconf 88' lang='lat' dir='ltr'>occurrit</span> <span class='ocrx_word' id='word_1_236' title='bbox 472 2298 747 2362; x_wconf 82' lang='lat' dir='ltr'>oceanus.</span> <span class='ocrx_word' id='word_1_237' title='bbox 814 2301 941 2362; x_wconf 88' lang='lat' dir='ltr'>Nisi</span> <span class='ocrx_word' id='word_1_238' title='bbox 966 2300 1149 2361; x_wconf 88' lang='lat' dir='ltr'>mavis</span> <span class='ocrx_word' id='word_1_239' title='bbox 1175 2318 1395 2372; x_wconf 90' lang='lat' dir='ltr'>errare,</span> <span class='ocrx_word' id='word_1_240' title='bbox 1442 2300 1836 2378; x_wconf 85' lang='lat' dir='ltr'>pervenimus,</span> <span class='ocrx_word' id='word_1_241' title='bbox 1882 2320 1998 2379; x_wconf 91' lang='lat' dir='ltr'>quo</span> <span class='ocrx_word' id='word_1_242' title='bbox 2036 2310 2134 2362; x_wconf 87' lang='lat' dir='ltr'>tua</span> <span class='ocrx_word' id='word_1_243' title='bbox 2305 2377 2308 2380; x_wconf 7' lang='grc' dir='ltr'><strong><em>ἦ</em></strong></span> 
     </span>
     <span class='ocr_line' id='line_1_27' title="bbox 30 2385 2235 2466; baseline -0.001 -18"><span class='ocrx_word' id='word_1_244' title='bbox 30 2389 283 2450; x_wconf 83' lang='lat' dir='ltr'>fortuna</span> <span class='ocrx_word' id='word_1_245' title='bbox 322 2387 499 2449; x_wconf 87' lang='lat' dir='ltr'>ducit.</span> <span class='ocrx_word' id='word_1_246' title='bbox 565 2387 725 2448; x_wconf 87' lang='lat' dir='ltr'>Haec</span> <span class='ocrx_word' id='word_1_247' title='bbox 761 2395 953 2448; x_wconf 90' lang='lat' dir='ltr'>tecum</span> <span class='ocrx_word' id='word_1_248' title='bbox 991 2403 1165 2466; x_wconf 91' lang='lat' dir='ltr'>quam</span> <span class='ocrx_word' id='word_1_249' title='bbox 1204 2385 1332 2446; x_wconf 89' lang='lat' dir='ltr'>sine</span> <span class='ocrx_word' id='word_1_250' title='bbox 1365 2393 1424 2445; x_wconf 91' lang='lat' dir='ltr'>te</span> <span class='ocrx_word' id='word_1_251' title='bbox 1463 2404 1594 2445; x_wconf 87' lang='lat' dir='ltr'>cum</span> <span class='ocrx_word' id='word_1_252' title='bbox 1625 2385 1714 2445; x_wconf 89' lang='lat' dir='ltr'>his</span> <span class='ocrx_word' id='word_1_253' title='bbox 1737 2385 1901 2463; x_wconf 84' lang='lat' dir='ltr'>loqui</span> <span class='ocrx_word' id='word_1_254' title='bbox 1933 2386 2133 2461; x_wconf 88' lang='lat' dir='ltr'>malui,</span> <span class='ocrx_word' id='word_1_255' title='bbox 2159 2385 2235 2445; x_wconf 78' lang='lat'>15</span> 
     </span>
     <span class='ocr_line' id='line_1_28' title="bbox 28 2470 2133 2548; baseline -0 -14"><span class='ocrx_word' id='word_1_256' title='bbox 28 2493 160 2535; x_wconf 89' lang='lat' dir='ltr'>non</span> <span class='ocrx_word' id='word_1_257' title='bbox 191 2483 260 2534; x_wconf 90' lang='lat' dir='ltr'>ut</span> <span class='ocrx_word' id='word_1_258' title='bbox 284 2477 491 2536; x_wconf 78' lang='lat' dir='ltr'>inirem</span> <span class='ocrx_word' id='word_1_259' title='bbox 518 2472 947 2534; x_wconf 89' lang='lat' dir='ltr'>circumstantis</span> <span class='ocrx_word' id='word_1_260' title='bbox 975 2471 1264 2532; x_wconf 89' lang='lat' dir='ltr'>exercitus</span> <span class='ocrx_word' id='word_1_261' title='bbox 1291 2470 1550 2548; x_wconf 85' lang='lat' dir='ltr'>gratiam,</span> <span class='ocrx_word' id='word_1_262' title='bbox 1593 2472 1695 2530; x_wconf 92' lang='lat' dir='ltr'>sed</span> <span class='ocrx_word' id='word_1_263' title='bbox 1726 2481 1789 2531; x_wconf 90' lang='lat' dir='ltr'>ut</span> <span class='ocrx_word' id='word_1_264' title='bbox 1818 2490 2016 2532; x_wconf 90' lang='lat' dir='ltr'>vocem</span> <span class='ocrx_word' id='word_1_265' title='bbox 2042 2472 2133 2533; x_wconf 86' lang='lat' dir='ltr'>lo-</span> 
     </span>
     <span class='ocr_line' id='line_1_29' title="bbox 28 2556 1880 2640; baseline -0.003 -18"><span class='ocrx_word' id='word_1_266' title='bbox 28 2559 354 2640; x_wconf 88' lang='lat' dir='ltr'>quentium</span> <span class='ocrx_word' id='word_1_267' title='bbox 382 2559 581 2639; x_wconf 85' lang='lat' dir='ltr'>potius</span> <span class='ocrx_word' id='word_1_268' title='bbox 611 2577 780 2638; x_wconf 90' lang='lat' dir='ltr'>quam</span> <span class='ocrx_word' id='word_1_269' title='bbox 810 2558 1083 2636; x_wconf 85' lang='lat' dir='ltr'>gemitum</span> <span class='ocrx_word' id='word_1_270' title='bbox 1114 2556 1600 2618; x_wconf 87' lang='lat' dir='ltr'>murmurantium</span> <span class='ocrx_word' id='word_1_271' title='bbox 1629 2556 1880 2617; x_wconf 74' lang='lat' dir='ltr'>audires,</span> 
     </span>
    </p>

    <p class='ocr_par' dir='ltr' id='par_1_5' title="bbox 22 2639 2237 3661">
     <span class='ocr_line' id='line_1_30' title="bbox 166 2639 2232 2722; baseline -0.002 -17"><span class='ocrx_word' id='word_1_272' title='bbox 166 2645 253 2705; x_wconf 87' lang='lat' dir='ltr'>Ut</span> <span class='ocrx_word' id='word_1_273' title='bbox 276 2645 453 2705; x_wconf 85' lang='lat' dir='ltr'>finem</span> <span class='ocrx_word' id='word_1_274' title='bbox 479 2643 725 2705; x_wconf 89' lang='lat' dir='ltr'>orationi</span> <span class='ocrx_word' id='word_1_275' title='bbox 746 2644 979 2705; x_wconf 90' lang='lat' dir='ltr'>Coenus</span> <span class='ocrx_word' id='word_1_276' title='bbox 998 2642 1297 2720; x_wconf 82' lang='lat' dir='ltr'>imposuit,</span> <span class='ocrx_word' id='word_1_277' title='bbox 1325 2643 1546 2702; x_wconf 87' lang='lat' dir='ltr'>clamor</span> <span class='ocrx_word' id='word_1_278' title='bbox 1563 2642 1822 2721; x_wconf 89' lang='lat' dir='ltr'>undique</span> <span class='ocrx_word' id='word_1_279' title='bbox 1844 2661 1976 2703; x_wconf 86' lang='lat' dir='ltr'>cum</span> <span class='ocrx_word' id='word_1_280' title='bbox 1999 2643 2128 2722; x_wconf 90' lang='lat' dir='ltr'>plo·</span> <span class='ocrx_word' id='word_1_281' title='bbox 2151 2639 2232 2702; x_wconf 76' lang='lat'>16</span> 
     </span>
     <span class='ocr_line' id='line_1_31' title="bbox 22 2727 2130 2809; baseline -0 -18"><span class='ocrx_word' id='word_1_282' title='bbox 22 2738 171 2791; x_wconf 86' lang='lat' dir='ltr'>ratu</span> <span class='ocrx_word' id='word_1_283' title='bbox 205 2741 395 2791; x_wconf 76' lang='lat' dir='ltr'>oritur</span> <span class='ocrx_word' id='word_1_284' title='bbox 416 2749 636 2809; x_wconf 89' lang='lat' dir='ltr'>regem,</span> <span class='ocrx_word' id='word_1_285' title='bbox 673 2740 916 2808; x_wconf 86' lang='lat' dir='ltr'>patrem,</span> <span class='ocrx_word' id='word_1_286' title='bbox 960 2728 1262 2788; x_wconf 91' lang='lat' dir='ltr'>dominum</span> <span class='ocrx_word' id='word_1_287' title='bbox 1290 2727 1550 2789; x_wconf 83' lang='lat' dir='ltr'>confusis</span> <span class='ocrx_word' id='word_1_288' title='bbox 1580 2729 1997 2807; x_wconf 84' lang='lat' dir='ltr'>appellantium</span> <span class='ocrx_word' id='word_1_289' title='bbox 2024 2750 2130 2790; x_wconf 85' lang='lat' dir='ltr'>vo-</span> 
     </span>
     <span class='ocr_line' id='line_1_32' title="bbox 26 2810 2233 2896; baseline -0.003 -19"><span class='ocrx_word' id='word_1_290' title='bbox 26 2817 232 2877; x_wconf 85' lang='lat' dir='ltr'>cibus.</span> <span class='ocrx_word' id='word_1_291' title='bbox 279 2817 519 2896; x_wconf 88' lang='lat' dir='ltr'>lamque</span> <span class='ocrx_word' id='word_1_292' title='bbox 542 2824 600 2877; x_wconf 92' lang='lat' dir='ltr'>et</span> <span class='ocrx_word' id='word_1_293' title='bbox 616 2815 712 2877; x_wconf 90' lang='lat' dir='ltr'>alii</span> <span class='ocrx_word' id='word_1_294' title='bbox 733 2817 933 2888; x_wconf 88' lang='lat' dir='ltr'>duces,</span> <span class='ocrx_word' id='word_1_295' title='bbox 958 2815 1391 2893; x_wconf 87' lang='lat' dir='ltr'>praecipueque</span> <span class='ocrx_word' id='word_1_296' title='bbox 1407 2815 1694 2887; x_wconf 81' lang='lat' dir='ltr'>senioreS‚</span> <span class='ocrx_word' id='word_1_297' title='bbox 1719 2819 1847 2892; x_wconf 83' lang='lat' dir='ltr'>quis</span> <span class='ocrx_word' id='word_1_298' title='bbox 1873 2815 1948 2876; x_wconf 90' lang='lat' dir='ltr'>ob</span> <span class='ocrx_word' id='word_1_299' title='bbox 1970 2826 2130 2879; x_wconf 87' lang='lat' dir='ltr'>aeta-</span> <span class='ocrx_word' id='word_1_300' title='bbox 2155 2810 2233 2872; x_wconf 87' lang='grc'>17</span> 
     </span>
     <span class='ocr_line' id='line_1_33' title="bbox 24 2899 2131 2982; baseline 0 -20"><span class='ocrx_word' id='word_1_301' title='bbox 24 2912 157 2962; x_wconf 81' lang='lat' dir='ltr'>tem</span> <span class='ocrx_word' id='word_1_302' title='bbox 188 2912 254 2963; x_wconf 92' lang='lat' dir='ltr'>et</span> <span class='ocrx_word' id='word_1_303' title='bbox 278 2903 571 2963; x_wconf 84' lang='lat' dir='ltr'>excusatio</span> <span class='ocrx_word' id='word_1_304' title='bbox 600 2902 907 2963; x_wconf 87' lang='lat' dir='ltr'>honestior</span> <span class='ocrx_word' id='word_1_305' title='bbox 932 2909 1056 2961; x_wconf 88' lang='lat' dir='ltr'>erat</span> <span class='ocrx_word' id='word_1_306' title='bbox 1082 2909 1139 2960; x_wconf 89' lang='lat' dir='ltr'>et</span> <span class='ocrx_word' id='word_1_307' title='bbox 1165 2899 1480 2961; x_wconf 88' lang='lat' dir='ltr'>auctoritas</span> <span class='ocrx_word' id='word_1_308' title='bbox 1505 2899 1709 2971; x_wconf 89' lang='lat' dir='ltr'>maior,</span> <span class='ocrx_word' id='word_1_309' title='bbox 1759 2901 1963 2961; x_wconf 87' lang='lat' dir='ltr'>eadem</span> <span class='ocrx_word' id='word_1_310' title='bbox 1991 2915 2131 2982; x_wconf 72' lang='lat' dir='ltr'>pre-‘</span> 
     </span>
     <span class='ocr_line' id='line_1_34' title="bbox 25 2979 2235 3065; baseline 0.001 -17"><span class='ocrx_word' id='word_1_311' title='bbox 25 2989 357 3049; x_wconf 90' lang='lat' dir='ltr'>cabantur.</span> <span class='ocrx_word' id='word_1_312' title='bbox 404 2987 505 3048; x_wconf 87' lang='lat' dir='ltr'>Ille</span> <span class='ocrx_word' id='word_1_313' title='bbox 532 3006 640 3048; x_wconf 89' lang='lat' dir='ltr'>nec</span> <span class='ocrx_word' id='word_1_314' title='bbox 670 2987 952 3065; x_wconf 87' lang='lat' dir='ltr'>castigare</span> <span class='ocrx_word' id='word_1_315' title='bbox 979 2986 1307 3046; x_wconf 89' lang='lat' dir='ltr'>obstinatos</span> <span class='ocrx_word' id='word_1_316' title='bbox 1335 3004 1446 3046; x_wconf 89' lang='lat' dir='ltr'>nec</span> <span class='ocrx_word' id='word_1_317' title='bbox 1469 2986 1733 3063; x_wconf 85' lang='lat' dir='ltr'>mitigare</span> <span class='ocrx_word' id='word_1_318' title='bbox 1761 2995 1990 3064; x_wconf 88' lang='lat' dir='ltr'>poterat</span> <span class='ocrx_word' id='word_1_319' title='bbox 2013 2989 2132 3047; x_wconf 88' lang='lat' dir='ltr'>ira·</span> <span class='ocrx_word' id='word_1_320' title='bbox 2155 2979 2235 3050; x_wconf 78' lang='grc'>18</span> 
     </span>
     <span class='ocr_line' id='line_1_35' title="bbox 24 3069 2132 3150; baseline -0.001 -17"><span class='ocrx_word' id='word_1_321' title='bbox 24 3080 151 3134; x_wconf 77' lang='lat' dir='ltr'>tos,</span> <span class='ocrx_word' id='word_1_322' title='bbox 237 3072 438 3150; x_wconf 83' lang='lat' dir='ltr'>Itaque</span> <span class='ocrx_word' id='word_1_323' title='bbox 472 3073 647 3150; x_wconf 90' lang='lat' dir='ltr'>inops</span> <span class='ocrx_word' id='word_1_324' title='bbox 682 3072 909 3134; x_wconf 84' lang='lat' dir='ltr'>consilii</span> <span class='ocrx_word' id='word_1_325' title='bbox 947 3070 1183 3132; x_wconf 88' lang='lat' dir='ltr'>desiluit</span> <span class='ocrx_word' id='word_1_326' title='bbox 1213 3089 1246 3128; x_wconf 89' lang='lat' dir='ltr'>e</span> <span class='ocrx_word' id='word_1_327' title='bbox 1272 3069 1556 3134; x_wconf 84' lang='lat' dir='ltr'>tribunali</span> <span class='ocrx_word' id='word_1_328' title='bbox 1574 3071 1876 3150; x_wconf 68' lang='lat' dir='ltr'>claudique</span> <span class='ocrx_word' id='word_1_329' title='bbox 1913 3072 2132 3149; x_wconf 88' lang='lat' dir='ltr'>regiam</span> 
     </span>
     <span class='ocr_line' id='line_1_36' title="bbox 24 3146 2231 3236; baseline -0.003 -17"><span class='ocrx_word' id='word_1_330' title='bbox 24 3158 237 3228; x_wconf 90' lang='lat' dir='ltr'>iussit,</span> <span class='ocrx_word' id='word_1_331' title='bbox 289 3158 559 3218; x_wconf 89' lang='lat' dir='ltr'>omnibus</span> <span class='ocrx_word' id='word_1_332' title='bbox 588 3168 818 3234; x_wconf 89' lang='lat' dir='ltr'>praeter</span> <span class='ocrx_word' id='word_1_333' title='bbox 847 3167 1115 3219; x_wconf 90' lang='lat' dir='ltr'>assuetos</span> <span class='ocrx_word' id='word_1_334' title='bbox 1152 3156 1316 3216; x_wconf 89' lang='lat' dir='ltr'>adire</span> <span class='ocrx_word' id='word_1_335' title='bbox 1341 3155 1671 3236; x_wconf 76' lang='lat' dir='ltr'>prohibitis·</span> <span class='ocrx_word' id='word_1_336' title='bbox 1737 3157 1986 3218; x_wconf 88' lang='lat' dir='ltr'>Biduum</span> <span class='ocrx_word' id='word_1_337' title='bbox 2010 3155 2132 3213; x_wconf 89' lang='lat' dir='ltr'>irae</span> <span class='ocrx_word' id='word_1_338' title='bbox 2152 3146 2231 3209; x_wconf 78' lang='grc'><strong>19</strong></span> 
     </span>
     <span class='ocr_line' id='line_1_37' title="bbox 24 3241 2132 3321; baseline -0.004 -15"><span class='ocrx_word' id='word_1_339' title='bbox 24 3245 253 3306; x_wconf 85' lang='lat' dir='ltr'>datum</span> <span class='ocrx_word' id='word_1_340' title='bbox 281 3252 399 3303; x_wconf 87' lang='lat' dir='ltr'>est:</span> <span class='ocrx_word' id='word_1_341' title='bbox 428 3243 597 3303; x_wconf 88' lang='lat' dir='ltr'>tertio</span> <span class='ocrx_word' id='word_1_342' title='bbox 622 3243 714 3303; x_wconf 91' lang='lat' dir='ltr'>die</span> <span class='ocrx_word' id='word_1_343' title='bbox 738 3243 1027 3321; x_wconf 89' lang='lat' dir='ltr'>processit</span> <span class='ocrx_word' id='word_1_344' title='bbox 1042 3241 1304 3320; x_wconf 88' lang='lat' dir='ltr'>erigique</span> <span class='ocrx_word' id='word_1_345' title='bbox 1325 3261 1407 3303; x_wconf 85' lang='lat' dir='ltr'>xu</span> <span class='ocrx_word' id='word_1_346' title='bbox 1435 3261 1564 3302; x_wconf 88' lang='lat' dir='ltr'>aras</span> <span class='ocrx_word' id='word_1_347' title='bbox 1589 3261 1658 3303; x_wconf 88' lang='lat' dir='ltr'>ex</span> <span class='ocrx_word' id='word_1_348' title='bbox 1680 3243 1962 3321; x_wconf 87' lang='lat' dir='ltr'>quadrato</span> <span class='ocrx_word' id='word_1_349' title='bbox 1987 3255 2132 3298; x_wconf 84' lang='lat' dir='ltr'>saxo</span> 
     </span>
     <span class='ocr_line' id='line_1_38' title="bbox 24 3327 2134 3410; baseline -0.005 -18"><span class='ocrx_word' id='word_1_350' title='bbox 24 3338 502 3392; x_wconf 86' lang='lat' dir='ltr'>monumentum</span> <span class='ocrx_word' id='word_1_351' title='bbox 536 3328 919 3405; x_wconf 88' lang='lat' dir='ltr'>expeditionis</span> <span class='ocrx_word' id='word_1_352' title='bbox 952 3345 1116 3399; x_wconf 88' lang='lat' dir='ltr'>suae,</span> <span class='ocrx_word' id='word_1_353' title='bbox 1157 3327 1520 3390; x_wconf 85' lang='lat' dir='ltr'>munimenta</span> <span class='ocrx_word' id='word_1_354' title='bbox 1544 3344 1780 3408; x_wconf 87' lang='lat' dir='ltr'>quoque</span> <span class='ocrx_word' id='word_1_355' title='bbox 1807 3331 2134 3410; x_wconf 80' lang='lat' dir='ltr'>castrorum</span> 
     </span>
     <span class='ocr_line' id='line_1_39' title="bbox 23 3405 2135 3492; baseline -0.002 -16"><span class='ocrx_word' id='word_1_356' title='bbox 23 3415 227 3476; x_wconf 83' lang='lat' dir='ltr'>iussit</span> <span class='ocrx_word' id='word_1_357' title='bbox 270 3413 498 3474; x_wconf 76' lang='lat' dir='ltr'>extendi</span> <span class='ocrx_word' id='word_1_358' title='bbox 532 3413 857 3490; x_wconf 88' lang='lat' dir='ltr'>cubiliaque</span> <span class='ocrx_word' id='word_1_359' title='bbox 894 3405 1190 3490; x_wconf 81' lang='lat' dir='ltr'>amplioris</span> <span class='ocrx_word' id='word_1_360' title='bbox 1219 3413 1442 3472; x_wconf 85' lang='lat' dir='ltr'>formae</span> <span class='ocrx_word' id='word_1_361' title='bbox 1469 3430 1640 3492; x_wconf 91' lang='lat' dir='ltr'>quam</span> <span class='ocrx_word' id='word_1_362' title='bbox 1681 3424 1790 3484; x_wconf 82' lang='lat' dir='ltr'>pro</span> <span class='ocrx_word' id='word_1_363' title='bbox 1820 3423 2135 3481; x_wconf 78' lang='lat' dir='ltr'>corporum</span> 
     </span>
     <span class='ocr_line' id='line_1_40' title="bbox 24 3486 2136 3576; baseline -0.004 -14"><span class='ocrx_word' id='word_1_364' title='bbox 24 3501 261 3562; x_wconf 85' lang='lat' dir='ltr'>habitu</span> <span class='ocrx_word' id='word_1_365' title='bbox 294 3497 561 3574; x_wconf 89' lang='lat' dir='ltr'>relinqui,</span> <span class='ocrx_word' id='word_1_366' title='bbox 608 3505 672 3558; x_wconf 87' lang='lat' dir='ltr'>ut</span> <span class='ocrx_word' id='word_1_367' title='bbox 708 3496 968 3576; x_wconf 86' lang='lat' dir='ltr'>speciem</span> <span class='ocrx_word' id='word_1_368' title='bbox 1006 3495 1269 3557; x_wconf 90' lang='lat' dir='ltr'>omnium</span> <span class='ocrx_word' id='word_1_369' title='bbox 1301 3503 1560 3573; x_wconf 87' lang='lat' dir='ltr'>augeret,</span> <span class='ocrx_word' id='word_1_370' title='bbox 1605 3486 1935 3569; x_wconf 66' lang='lat' dir='ltr'>posteriwti</span> <span class='ocrx_word' id='word_1_371' title='bbox 1964 3489 2136 3550; x_wconf 74' lang='lat' dir='ltr'>fallax</span> 
     </span>
     <span class='ocr_line' id='line_1_41' title="bbox 24 3567 2237 3661; baseline -0.006 -14"><span class='ocrx_word' id='word_1_372' title='bbox 24 3585 400 3649; x_wconf 87' lang='lat' dir='ltr'>miraculum</span> <span class='ocrx_word' id='word_1_373' title='bbox 436 3600 815 3661; x_wconf 86' lang='lat' dir='ltr'>praeparans.</span> <span class='ocrx_word' id='word_1_374' title='bbox 877 3581 1029 3642; x_wconf 86' lang='lat' dir='ltr'>Hinc</span> <span class='ocrx_word' id='word_1_375' title='bbox 1054 3588 1351 3660; x_wconf 84' lang='lat' dir='ltr'>repetens,</span> <span class='ocrx_word' id='word_1_376' title='bbox 1393 3595 1546 3657; x_wconf 88' lang='lat' dir='ltr'>quae</span> <span class='ocrx_word' id='word_1_377' title='bbox 1569 3585 1844 3637; x_wconf 71' lang='lat' dir='ltr'>emensus</span> <span class='ocrx_word' id='word_1_378' title='bbox 1869 3578 2014 3646; x_wconf 77' lang='lat' dir='ltr'>erat,</span> <span class='ocrx_word' id='word_1_379' title='bbox 2058 3567 2237 3634; x_wconf 63' lang='lat' dir='ltr'>amo</span> 
     </span>
    </p>

    <p class='ocr_par' dir='ltr' id='par_1_6' title="bbox 1927 3689 1936 3724">
     <span class='ocr_line' id='line_1_42' title="bbox 1927 3689 1936 3724; baseline 0 0"><span class='ocrx_word' id='word_1_380' title='bbox 1927 3689 1936 3724; x_wconf 85' lang='grc'><strong>1</strong></span> 
     </span>
    </p>
   </div>
  </div>
 </body>
</html>
