2417 3900
192 104 316 167 118
657 101 757 163 DE
801 99 1062 161 GESTIS
1105 94 1530 161 ALEXANDM
1574 90 1810 153 MAGNI

82 235 170 299 36
187 218 540 303 deposcebat
565 219 628 281 iu
663 224 848 281 semet
878 216 1092 297 ipsum.
1153 218 1347 289 Quum
1376 212 1634 275 Philotas
1672 202 2019 301 circumlatis
2055 201 2250 262 oculis

183 309 464 371 incideret
494 304 555 365 in
585 304 744 365 Calin
773 304 1063 382 quendam
1102 302 1259 363 haud
1288 298 1493 380 procul
1526 303 1793 369 stantem,
1824 306 2069 374 propius
2105 304 2253 349 eum

127 426 134 435 ·
182 394 354 455 iussit
377 390 675 451 accedere.
743 388 848 449 Illo
887 387 1229 467 perturbato
1266 394 1321 445 et
1356 389 1664 446 recusante
1696 376 1946 439 transire
1984 374 2059 433 ad
2087 390 2250 445 eum,

182 476 442 549 Patieris‚
485 474 689 554 inquit,
731 472 1086 533 Demetrium
1119 469 1351 531 mentiri
1387 483 1707 545 rursusque
1748 482 1841 523 me
1879 452 2251 554 excruciari?

80 576 166 640 3¹7
185 563 344 625 Calin
371 578 485 621 vox
510 558 862 637 sanguisque
885 559 1247 619 defecerant:
1274 562 1336 616 ·et
1360 552 1711 615 Macedones
1740 546 2025 631 Philotam
2046 542 2251 621 mqui-

181 645 324 709 na‘re
349 644 617 706 innoxios
643 645 788 706 velle
810 642 1275 723 suspicabantur,
1303 642 1438 719 quia
1464 653 1577 699 nec
1598 654 1632 696 a
1654 630 2005 696 Nicomacho
2034 646 2151 689 nec
2174 626 2249 689 ab

180 734 311 812 ipso
356 731 612 803 Philota,
657 747 836 808 quum
872 735 1264 806 torqueretur,
1316 725 1648 787 nominatus
1685 725 1841 781 esset
1876 714 2248 777 adolescens.

117 810 121 818 “
184 817 298 889 Qui
335 824 399 875 ut
435 805 761 892 praefectos
804 814 958 891 regis
1001 812 1437 873 circumstantes
1474 827 1539 869 se
1581 806 1749 880 vidit,
1792 799 2151 865 Demetrium
2193 807 2251 858 et

79 920 165 983 38
185 910 372 961 semet
411 899 604 979 ipsum
635 899 696 958 id
737 898 961 959 facinus
1011 896 1297 975 cogitasse
1334 896 1638 955 consessus
1674 899 1779 951 est.
1846 889 2065 949 Omnes
2102 902 2247 961 ergo

82 1005 164 1067 39
184 1004 218 1046 a
241 984 591 1047 Nicomacho
622 982 902 1044 nominati
928 1000 1094 1043 more
1119 982 1306 1059 patrio
1335 982 1468 1041 dato
1490 979 1660 1056 signo
1685 974 1840 1036 saxis
1868 972 2061 1034 obruti
2085 977 2245 1031 sunt.

184 1072 396 1149 Magno
415 1086 537 1129 non
557 1066 774 1141 selune,
801 1068 906 1135 sed
930 1076 988 1128 et
1005 1066 1255 1127 invidiae
1276 1065 1535 1145 periculo
1558 1062 1833 1123 liberatus
1854 1059 1979 1121 erat
1994 1056 2242 1117 Alexan-

187 1154 324 1215 der:
375 1154 590 1233 quippe
630 1152 937 1229 Parmenio
975 1161 1033 1213 et
1073 1151 1360 1225 Philotas,
1399 1149 1697 1229 principes
1738 1144 2079 1213 amicorum,
2123 1139 2238 1200 nisi

83 1260 170 1320 40
185 1243 378 1319 palam
415 1246 633 1310 semea,
677 1237 802 1298 sine
827 1237 1227 1314 indignatione
1250 1237 1427 1297 totius
1456 1233 1740 1295 exercitus
1766 1250 1887 1294 non
1912 1226 2248 1309 potuissent,

187 1324 465 1385 damnari.
525 1322 726 1400 ltaque
767 1341 982 1402 anceps
1021 1321 1287 1399 quaestio
1325 1321 1457 1381 fuit:
1503 1320 1640 1381 dum
1675 1317 1952 1377 infitiatus
1980 1322 2071 1374 est
2102 1311 2247 1371 faci·

183 1428 315 1483 nus;
359 1408 664 1495 crudeliter
699 1408 958 1487 torqueri
991 1406 1311 1478 videbatur,
1353 1415 1488 1484 post
1524 1402 1955 1466 confessionem
1987 1398 2246 1463 Philotas

183 1513 262 1556 ne
281 1495 598 1557 amicorum
621 1493 855 1571 quidem
881 1491 1340 1553 misericordiam
1368 1489 1599 1550 meruit.

801 1648 1200 1753 ’LIBER
1258 1686 1551 1766 V11.(v.)

761 1792 1673 1837 ARGUMENTUM·

291 1884 412 1935 Rex,
434 1884 641 1939 quoniam
659 1884 799 1927 semel
821 1886 1162 1941 quaestionibus
1181 1888 1473 1933 instituendis
1488 1888 1743 1934 vacaverat,
1774 1880 2088 1926 Alexandrum
2108 1880 2243 1925 etiam

187 1957 408 2010 quendam
442 1957 710 2010 Lyncestem
745 1959 996 2000 maiestatis
1027 1973 1153 2002 reum
1187 1961 1383 2006 interfici
1428 1960 1569 2003 iubet.
1626 1957 1808 2002 Deinde
1840 1957 1888 2000 in
1922 1956 2163 2008 Amyntam
2198 1956 2245 1996 et

185 2027 432 2079 Simmiam,
459 2027 671 2072 Philotae
698 2030 879 2079 amicos,
909 2031 1111 2084 inquirit,
1140 2033 1219 2088 qui
1247 2046 1372 2076 suam
1391 2033 1699 2076 innocentiam
1726 2031 1851 2082 gravi
1882 2030 2087 2070 oratione
2115 2032 2241 2068 tuen·

186 2104 272 2145 tur.
307 2101 419 2157 Cap.
451 2105 490 2148 1.
544 2100 741 2153 Amynta
773 2105 820 2144 et
850 2101 1071 2147 fratribus
1107 2105 1156 2146 in
1193 2107 1388 2158 gratiam
1420 2104 1621 2158 receptis
1654 2101 1929 2154 Polydamas
1961 2100 2008 2141 in
2041 2098 2241 2141 Mediam

183 2173 351 2226 missus
381 2178 452 2218 est
479 2174 540 2219 ad
565 2174 910 2217 Parmenionem
943 2175 1332 2228 interficiendum,
1367 2191 1459 2233 quo
1490 2177 1615 2220 facto
1644 2175 1893 2226 indignatio
1924 2171 2118 2214 militum
2147 2173 2244 2212 orta

185 2250 233 2288 ot
260 2247 449 2298 seditio,
495 2260 606 2303 quae
643 2247 825 2290 tandem
869 2249 1192 2302 exstinguitur.
1238 2253 1282 2294 2.
1340 2250 1505 2297 Varios
1538 2246 1737 2305 populos
1780 2247 1861 2289 sub
1909 2246 2059 2297 iugum
2100 2243 2242 2286 mittit
2296 2271 2308 2276 -

184 2316 452 2365 Alexander
485 2324 531 2364 et
558 2318 878 2373 septemdecim
905 2320 1064 2364 dielius
1095 2335 1196 2364 cum
1223 2322 1429 2364 exercitu
1456 2321 1705 2366 Caucasum
1738 2321 1939 2374 superat.
1974 2320 2017 2360 ³.
2073 2315 2243 2358 Bessus

187 2389 242 2431 de
267 2389 391 2434 ‘bello
421 2391 636 2433 adversus
666 2389 982 2460 Alexandrum
1017 2394 1136 2435 inter
1173 2391 1335 2448 epulas
1362 2394 1605 2444 consultat,
1639 2393 1836 2448 sapienti
1864 2396 2017 2434 tamen
2051 2387 2241 2430 cabari-

93 2483 98 2490 ·
185 2459 377 2504 consilio
397 2463 465 2504 uti
484 2459 693 2516 negligit.
749 2463 938 2506 Interim
957 2477 1045 2506 rex
1062 2465 1227 2507 Bactra
1248 2469 1473 2522 pervenit,
1504 2467 1581 2508 ubi
1610 2467 1665 2508 de
1686 2465 1957 2508 Graecorum
1988 2461 2241 2504 defectione

185 2537 235 2575 et
267 2533 322 2574 de
356 2532 652 2575 Satibarzane
691 2533 914 2588 singulari
947 2537 1189 2580 certamine
1222 2539 1372 2581 occiso
1406 2539 1573 2581 certior
1601 2539 1665 2580 fit.
1698 2542 1741 2582 4.
1798 2534 2043 2578 Exercitus
2079 2542 2241 2583 musaa

187 2605 266 2646 siti
293 2603 515 2648 liberatus
549 2606 698 2648 Oxum
733 2619 907 2650 amnem
935 2609 1118 2652 traiicit.
1175 2609 1346 2653 Bessus
1375 2609 1481 2653 dolo
1522 2615 1683 2667 captus
1721 2610 1779 2650 ad
1813 2606 2127 2650 Alexandrum
2162 2603 2240 2645 ad-

189 2675 392 2724 ducitur,
437 2690 464 2718 a
505 2689 592 2732 quo
631 2677 772 2720 Darei
799 2677 934 2722 fratri
967 2680 1160 2724 Oxathri
1197 2682 1318 2724 cruci
1359 2683 1565 2735 figendus
1598 2683 1805 2724 traditur.
1843 2685 1883 2722 5.
1944 2677 2241 2719 Barbaros-um

97 2789 102 2792 .
189 2760 298 2798 erga
332 2747 602 2792 Macedones
635 2755 683 2794 et
720 2761 874 2805 regem
919 2751 1248 2798 benevolentia.
1306 2753 1575 2798 Alexander
1616 2755 1769 2796 varias
1813 2754 2053 2808 expugnat
2088 2747 2239 2792 urbes.

187 2817 518 2862 Alexwdriam
558 2822 616 2863 ⁸¹1
649 2825 841 2868 Tanaim
889 2823 1045 2868 condit
1083 2825 1441 2883 brevissimoque
1484 2827 1703 2886 temporis
1749 2826 1899 2882 spatio
1944 2821 2159 2869 absolvit.
2194 2822 2239 2864 6-

187 2891 261 2934 De
292 2889 414 2932 bello
435 2891 616 2944 Scythis
643 2895 882 2940 inferendo
910 2909 1045 2952 aeger
1071 2911 1134 2941 ex
1156 2898 1341 2942 vulnere
1370 2913 1467 2942 cum
1497 2901 1590 2943 suis
1618 2900 1703 2942 init
1726 2895 1977 2942 consilium.
2034 2894 2241 2936 Aristan-

191 2963 272 3006 der
297 2967 423 3006 vates
453 2964 573 3016 regis
602 2965 822 3012 voluntati
855 2974 1063 3012 extorum
1095 2972 1407 3015 accommodat
1450 2973 1633 3014 indicia.
1690 2971 1983 3013 Menedemus
2014 2980 2043 3008 a
2084 2965 2242 3021 Spita-

187 3047 317 3080 mene
349 3039 675 3081 circumventus
707 3053 807 3082 cnm
852 3041 1029 3083 duolms
1060 3041 1267 3096 peditum
1312 3041 1497 3086 milibus
1532 3049 1579 3086 et
1614 3043 1735 3084 CCC
1776 3041 2004 3096 equitibus
2039 3053 2067 3080 a
2092 3037 2242 3080 Dahis

188 3108 482 3160 interficitur,
528 3123 656 3166 quam
687 3111 862 3156 cladem
905 3112 1116 3156 sollerter
1152 3113 1413 3158 dissimulat
1444 3115 1725 3159 Alexander.
1758 3121 1801 3158 τ.
1858 3113 1976 3154 Dum
2002 3112 2243 3153 exercitu·

191 3182 252 3224 ad
288 3181 458 3228 bellum
491 3183 762 3238 accingitur,
812 3185 1080 3236 Scytharum
1119 3183 1262 3237 legati
1294 3187 1545 3231 adveniunt
1580 3201 1634 3231 ac
1664 3189 1721 3230 de
1760 3183 1874 3242 paee
1906 3171 2137 3237 sgiegiam
2183 3183 2241 3223 ad

193 3253 502 3298 Alexandrum
533 3257 780 3300 orationem
824 3255 1006 3298 liabent.
1035 3261 1082 3302 8.
1134 3256 1403 3302 Alexander
1430 3263 1578 3302 autern
1608 3259 1775 3312 legatis
1810 3258 2009 3300 dimissis
2045 3255 2243 3298 Tanain

193 3327 382 3376 traiicit‚
411 3327 574 3370 bellum
605 3327 787 3381 Scythis
811 3328 953 3371 infert
979 3333 1026 3372 et
1047 3344 1146 3373 cum
1170 3331 1306 3373 victis
1334 3331 1526 3384 benigne
1554 3331 1663 3385 agit.
1690 3317 1743 3376 ‘9.
1798 3330 2131 3384 Sogdianorum
2162 3343 2241 3369 no·

192 3397 348 3440 bilium
373 3401 562 3442 invictus
590 3389 779 3445 animus.
821 3401 952 3444 Bessi
982 3399 1271 3457 supplicium.
1310 3404 1437 3446 Novo
1473 3402 1615 3446 milite
1649 3409 1807 3446 euictus
1823 3402 2085 3448 Alexandri
2105 3414 2245 3444 exer-

191 3472 318 3516 eitus.
353 3477 419 3515 1⁰.
473 3473 670 3524 Petram,
699 3485 852 3517 arcem
883 3473 1226 3528 amplissimam,
1254 3475 1343 3516 situ
1370 3475 1619 3532 naturaque
1650 3475 1740 3518 loci
1774 3476 1873 3522 fere
1906 3455 2243 3529 inexpugnabi-

331 3543 594 3590 alannae:
620 3548 678 3590 ad
712 3547 989 3601 deditionem
1019 3548 1155 3600 cogit.
1204 3550 1276 3594 ss.

642 3778 660 3806 l
