2417 3900
91 3224 98 3230 ⁸
173 3229 181 3260 ²
300 3245 659 3307 exercituum
687 3247 937 3308 ducibus
976 3265 1009 3308 a
1030 3263 1171 3324 rege
1204 3249 1710 3326 praeferebantur.
1773 3247 1846 3308 Hi
1881 3247 2281 3312 tumsoelum
2309 3238 2383 3310 illi2

304 126 429 189 158
526 153 539 189 l
774 126 877 189 DE
919 122 1195 189 GESTIS.
1228 122 1656 206 ALEXANDRt
1699 122 1939 186 MAGNI

296 244 615 307 ostendere
639 245 899 310 voluisse
917 242 1292 323 iungentibus
1319 260 1486 321 epea,
1521 242 1800 321 quantulo
1821 239 2080 304 contenti
2105 258 2240 303 esse
2265 240 2366 303 de-

192 337 276 399 29
291 331 523 393 herent.
568 329 699 404 Hoc
720 332 901 409 modo
934 350 1039 393 rex
1062 328 1236 391 Asiae
1257 335 1316 391 et
1339 329 1614 409 Europae
1635 327 2028 390 introductam
2053 325 2208 389 inter
2233 344 2374 389 con-

294 416 511 477 vivales
535 416 707 483 ludos
740 414 1115 486 matrimonio
1140 413 1256 475 sibi
1291 414 1572 487 adiunxit,
1607 432 1640 473 e
1667 412 1892 491 captiva
1912 410 2242 489 geniturus,
2287 412 2376 491 qui

191 506 277 569 30
295 501 617 565 victoribus
652 503 989 583 imperaret.
1055 500 1320 561 Pudebat
1353 499 1594 573 amicos,
1635 518 1818 577 super
1848 498 2047 561 vinum
2083 506 2148 559 et
2180 500 2383 577 epulas¹

294 606 567 651 socerum
588 607 661 651 ex
682 588 897 651 deditis
914 606 1051 649 esse
1072 587 1392 649 delectum:
1421 586 1528 649 sed
1547 591 1682 663 post
1699 584 1830 647 Cliti
1855 583 2376 649 caedemlibertate

295 673 522 736 sublata
543 674 726 748 vultu,
752 675 851 753 qui
874 672 1133 735 maxime
1158 671 1354 745 servit,
1387 670 1879 734 assentiebantur.

237 762 271 823 1
424 759 515 821 Ca
528 777 589 838 p.
611 761 679 821 V.
725 760 995 823 Ceterum
1015 757 1240 819 Indiam
1263 765 1321 817 et
1335 756 1478 819 inde
1497 774 1784 819 oceanum
1804 754 2116 835 petiturus,
2145 770 2228 815 ne
2253 753 2372 831 quid

295 862 333 905 a
353 851 544 923 tergo,-
570 846 733 925 quod
759 845 1044 909 destinata
1066 842 1356 921 impedire
1379 849 1600 939 posset,
1627 849 1980 913 moveretur,
2005 856 2080 901 ex
2107 839 2383 901 omnibus

294 930 611 1009 provinciis
637 950 757 993 xxx
780 929 975 993 milia
958 928 1256 993 iuniorum
1276 927 1392 1006 legi
1415 928 1586 996 iussit
1609 936 1666 989 et
1687 928 1760 993 ad
1776 946 1854 991 se
1877 933 2096 989 armata
2118 924 2369 1003 perduci,

235 1016 292 1079 2
300 1015 545 1077 obsides
580 1015 753 1082 simul
786 1016 1093 1078 habiturus
1118 1022 1177 1075 et
1208 1014 1440 1075 milites.
1507 1014 1812 1076 Craterum
1833 1013 1909 1075 ad
1934 1012 2368 1109 persequendos

294 1100 657 1163 Haustanem
686 1110 747 1163 et
770 1102 1065 1175 Catonem,
1110 1098 1211 1179 qui
1247 1098 1361 1162 ab
1341 1118 1476 1178 ipso
1505 1099 1860 1172 defecerant,
1903 1095 2084 1165 misit,
2131 1114 2366 1175 quorum

291 1186 625 1250 Haustanes
664 1197 873 1269 captus
912 1196 1021 1261 est,
1064 1185 1354 1249 Catenes
1337 1204 1400 1245 ιιι
1439 1184 1668 1264 proelio
1690 1184 1948 1247 occisus·
2017 1182 2362 1261 Polypercon

296 1292 533 1352 quoque
558 1273 882 1351 regionem,
923 1290 1073 1353 quae
1086 1271 1408 1336 Bubacene
1431 1270 1772 1367 appellatur,
1807 1270 1870 1331 in
1892 1268 2180 1331 ditionem
2203 1267 2360 1329 rede-

236 1356 275 1417 3
296 1358 395 1435 git.
440 1358 643 1437 Itaque
668 1359 945 1421 omnibus
980 1356 1322 1436 compositis
1351 1356 1752 1434 cogitationes
1771 1356 1835 1419 in
1857 1355 2084 1417 bellum
2111 1353 2365 1415 Indicum

300 1442 486 1505 vertit.
530 1443 705 1507 Dives
728 1446 892 1525 regio
914 1444 1244 1507 habebatur
1265 1462 1386 1505 non
1409 1442 1780 1516 auromodo,
1825 1442 1936 1503 sed
1963 1439 2216 1519 gemmis
2241 1456 2368 1517 quo-

296 1547 409 1608 que
434 1530 901 1609 margaritisque,
928 1532 1007 1593 ad
1032 1530 1232 1593 luxum
1255 1528 1442 1609 magis
1468 1547 1644 1609 quam
1658 1525 1744 1589 ad
1767 1525 2264 1605 magnificentiam
2288 1542 2370 1585 ex-

236 1622 276 1681 4
299 1615 470 1677 culta.
538 1616 719 1677 Periti
758 1616 1039 1679 militares
1076 1634 1221 1677 auro
1257 1623 1317 1675 et
1351 1615 1530 1675 ebore
1569 1614 1794 1691 fulgere
1831 1613 2132 1675 dicebant:
2175 1612 2383 1689 itaque„

294 1699 511 1763 necubi
534 1700 883 1775 vinceretur,
924 1720 1105 1781 quum
1138 1701 1349 1761 ceteris
1375 1706 1718 1778 praestaret,
1755 1698 1936 1761 scutis
1969 1706 2284 1775 argenteas
2303 1692 2383 1756 la-³

293 1784 509 1857 minas,
548 1785 717 1864 equis
752 1787 955 1847 frenos
988 1802 1201 1847 aureos
1221 1785 1492 1860 addidit,
1531 1786 1740 1849 loricas
1777 1802 2010 1865 quoque
2045 1782 2193 1844 alias
2229 1800 2383 1851 auro,

298 1869 441 1931 alias
482 1878 725 1947 argento
770 1871 1099 1933 adornavit.
1186 1870 1432 1933 Centum
1479 1880 1538 1933 et
1579 1871 1780 1952 viginti
1825 1871 1984 1932 milia
2025 1878 2383 1937 armatorum}

240 1961 279 2020 ὅ
298 1962 485 2028 erant,
523 1974 675 2034 quae
698 1975 899 2036 regem
925 1959 1001 2021 ad
1024 1958 1085 2020 id
1114 1956 1330 2020 bellum
1359 1959 1774 2038 sequebantur.
1839 1959 2084 2036 lamque
2107 1956 2383 2018 omnihus

297 2044 679 2122 praeparatis,
706 2043 868 2123 quod
891 2043 1030 2107 olim
1054 2062 1235 2125 prava
1259 2053 1456 2106 mente
1477 2052 1844 2124 conceperat,
1867 2053 2014 2105 tunc
2035 2061 2180 2105 esse
2195 2049 2383 2118 matu-j

298 2145 431 2192 rum
460 2137 642 2202 ratae,
690 2147 949 2209 quonam
980 2131 1159 2194 modo
1197 2131 1484 2195 coelestes
1517 2131 1782 2192 honores
1807 2132 2142 2209 usurparet,
2197 2125 2383 2206 coepit}

300 2214 541 2293 agitare.
586 2213 741 2278 lovis
762 2216 949 2278 fili-um
972 2235 1096 2278 non
1124 2215 1240 2277 dici
1259 2225 1488 2279 tantum
1513 2236 1597 2291 se,
1623 2217 1730 2280 sed
1755 2216 1930 2278 etiam
1955 2215 2116 2276 credi
2137 2214 2362 2282 volebat,
2382 2251 2383 2288 3

239 2303 282 2364 6
300 2308 577 2382 tanquam
596 2302 843 2382 perinde
864 2303 1077 2366 animis
1092 2301 1384 2381 imperare
1405 2311 1612 2382 posset
1629 2321 1699 2364 ac
1715 2303 1951 2381 linguiri,
2000 2302 2208 2381 itaque
2225 2291 2383 2362 more

295 2386 615 2453 Persarum
638 2387 995 2467 Macedonas
1020 2388 1476 2452 venerabundos
1497 2388 1692 2468 ipsum
1721 2390 1972 2450 salutare
1998 2399 2383 2467 prester-new

183 2519 190 2526 ,
296 2479 393 2534 tes
430 2474 595 2536 humi
639 2493 907 2554 corpora.
972 2475 1109 2536 Non
1150 2475 1354 2536 dee-rat
1392 2475 1528 2536 talia
1571 2474 2010 2554 concupiscenti
2051 2472 2368 2552 perniciosa

298 2559 577 2632 adulatio,
607 2569 959 2640 perpetuum
980 2561 1197 2622 malum
1223 2577 1448 2638 regum,
1476 2579 1726 2640 quorum
1745 2574 1891 2641 opes
1913 2559 2158 2638 saepius
2181 2573 2366 2620 assen-

241 2649 281 2710 7
298 2642 441 2706 tatio
458 2661 641 2723 quam
657 2646 847 2708 hostis
866 2647 1091 2708 evertit.
1135 2645 1260 2708 Nec
1275 2647 1662 2708 Macedonum
1685 2647 1834 2708 haec
1847 2654 1976 2708 erat
1991 2646 2186 2724 culpa,
2211 2658 2368 2706 nemo

299 2727 461 2790 enim
492 2729 727 2792 illorum
764 2730 1085 2811 quidquam
1119 2750 1191 2793 ex
1235 2731 1426 2812 patrio
1467 2751 1636 2794 more
1670 2732 1869 2794 labare
1917 2731 2228 2806 sustinuit,
2279 2724 2368 2790 sed

302 2813 679 2890 Graecorum,
720 2816 823 2896 qui
846 2817 1278 2896 professionem
1313 2819 1696 2882 honestarum
1726 2817 1942 2880 artium
1974 2817 2144 2878 malis
2176 2831 2370 2878 eorru-

241 2904 281 2966 8
299 2909 512 2980 perant
544 2902 829 2965 moribus.
870 2901 1011 2982 Agis
1050 2903 1290 2982 quidam
1319 2905 1585 2982 ArgivuS,
1627 2902 2020 2984 pessimemm
2055 2902 2368 2964 carminum

298 2993 439 3066 post
462 2987 795 3050 Choerilum
824 2989 1114 3064 eonditor,
1152 2997 1215 3052 et
1247 3008 1318 3050 ex
1345 2990 1544 3052 Sicilia
1565 2991 1722 3064 Cleo,
1757 2990 1856 3052 hic
1879 2988 2118 3068 quidem
2143 3006 2278 3050 non
2295 2987 2383 3046 ium

300 3071 459 3152 genii
482 3074 690 3147 solum,
732 3075 839 3136 sed
866 3075 1039 3136 etiam
1065 3074 1320 3138 nationis
1352 3075 1488 3137 vitio
1521 3077 1806 3150 adulator,
1848 3083 1904 3136 et
1929 3084 2126 3134 cetera
2147 3073 2368 3135 urbium

300 3177 537 3220 suarum
584 3172 1003 3239 purgamenta,
1054 3171 1205 3241 quae
1258 3161 1604 3242 propinquis
1648 3162 1818 3223 etiam
1869 3157 2383 3237 maximorumque*

298 3330 647 3411 aperiebant
686 3333 1120 3412 Herculemque
1158 3339 1220 3393 et
1257 3333 1490 3394 Patrem
1530 3333 1804 3395 Liberum
1857 3341 1914 3396 et
1959 3351 2100 3398 cum
2196 3332 2383 3400 ouum,

300 3418 606 3481 Castorem
646 3437 801 3480 novo
844 3418 1067 3480 numini
1109 3437 1384 3480 cessuros
1421 3436 1552 3482 esse
1583 3419 1899 3482 iactabant.

243 3497 285 3558 9
400 3503 615 3580 igitur
634 3507 785 3568 festo
812 3503 907 3566 die
932 3503 1093 3564 omni
1112 3504 1410 3583 opulentia
1428 3505 1756 3568 convivium
1785 3505 2056 3567 exornari
2077 3470 2376 3593 iubet

298 3603 421 3648 uon
447 3591 805 3654 Macedones
828 3589 1009 3652 modo
1036 3597 1095 3652 et
1118 3589 1324 3654 Graeci
1341 3591 1652 3672 prin-cipes
1678 3593 2018 3666 amicorum,
2059 3597 2202 3659 sed
2257 3623 2306 3668 e
