2417 3900
269 76 427 183 208⁴
736 122 834 187 DE
880 120 1141 183 ens'ris
1182 117 1614 182 ALEXANDRI
1654 114 1896 177 mmm

167 250 253 313 34
272 238 433 303 sint?
478 240 651 313 Quod
678 238 751 301 ad
776 258 871 301 me
894 238 1119 313 attinet,
1155 238 1286 318 ipse
1311 238 1428 299 hoc
1453 238 1690 298 bustum
1715 238 1888 295 antea
1914 250 2036 293 non
2063 228 2362 295 videram:
2412 268 2414 317 2

273 327 383 388 sed
420 344 489 386 ex
518 327 708 387 Dareo
748 324 828 386 ita
863 324 1081 405 accepi,
1122 325 1234 385 tria
1269 323 1426 385 milia
1461 322 1746 383 talentum
1783 318 2020 379 condita
2053 334 2195 377 esse
2222 335 2360 377 cum
2412 326 2414 387 j

169 420 253 494 35
275 413 443 492 Cyro.
510 411 659 473 Hinc
686 411 788 473 illa
822 409 1155 489 benignitas
1179 410 1240 471 in
1269 418 1348 483 te,
1383 417 1465 481 ut,
1514 406 1672 485 quod
1707 406 1948 483 impune
1984 402 2210 465 habere
2236 422 2360 463 non
2412 414 2414 421 '

168 507 253 569 36
270 505 505 578 poterat
528 496 792 569 OrsineS,
820 497 1097 557 donando
1118 496 1290 557 etiam
1316 494 1557 573 gratiam
1577 493 1770 554 iniret.
1817 489 2223 551 Concitaverat
2241 488 2360 549 iam

273 585 532 645 animum
560 583 813 655 miram,
856 600 1035 661 quum
1062 582 1140 653 hi,
1184 581 1396 661 quibus
1434 578 1734 657 negotium
1757 576 1915 637 idem
1941 574 2212 646 dederat,
2255 593 2360 633 su-

272 669 639 750 perveniunt.
684 668 834 731 Hinc
858 668 1105 745 Bagoas
1128 666 1266 728 hinc
1294 666 1367 725 ab
1395 683 1464 725 eo
1491 662 1797 725 subornati
1821 659 1984 721 falsis
2009 659 2360 719 miniinihus

170 760 255 825 37
274 762 567 834 occupant
592 772 784 815 aures,
841 753 1164 831 Antequam
1190 751 1454 812 accusari
1477 768 1544 809 se
1569 748 1966 827 suspicaretur
1991 744 2268 817 Orsines,
2300 745 2356 804 in

272 840 500 901 vincula
542 838 641 901 est'
674 839 941 899 traditus,
1008 838 1139 898 Non
1181 844 1495 897 contentus
1539 833 1824 913 supplicio
1869 830 2124 891 insumis
2165 830 2356 909 spado

270 926 403 1005 ipse
424 924 707 985 morituro
734 941 971 983 manum
998 922 1211 983 iniecit.
1261 922 1447 998 Quem
1473 921 1718 981 Orsines
1737 920 1996 990 intuens,
2019 916 2357 991 Audieram,

270 1008 491 1090 inquit,
546 1008 607 1069 in
646 1009 780 1069 Asia
822 1008 957 1068 olim
1001 1024 1282 1086 regnasse
1327 1008 1602 1081 feminas3
1648 1006 1763 1067 hoc
1804 1020 1946 1064 vero
1987 1019 2206 1063 novum
2247 1010 2358 1074 est,

275 1112 525 1175 regnare
554 1103 891 1155 castratum.
1292 1097 1301 1106 ‘
1797 1109 1812 1151 x
2224 1144 2241 1149 -

174 1188 257 1253 38
296 1250 305 1265 l
404 1180 517 1242 Hic
536 1180 645 1241 fuit
666 1180 853 1241 exitus
877 1177 1228 1239 nobilissimi
1246 1174 1579 1249 Persarum,
1605 1192 1718 1235 nec
1739 1170 1994 1234 insontis
2019 1168 2210 1247 modo,
2233 1170 2362 1229 sed

172 1272 256 1335 39
278 1266 523 1328 eximiae
562 1284 795 1346 quoque
822 1263 1195 1343 benignitatis
1235 1262 1294 1325 in
1331 1280 1549 1341 regem.
1613 1259 1837 1321 Eodem
1873 1266 2143 1336 tempore
2161 1254 2359 1315 Phra-

278 1352 443 1427 dates
462 1370 709 1431 regnum
728 1352 1029 1425 affectasse
1048 1356 1360 1429 suspectus
1381 1347 1681 1409 occiditur.
1727 1344 2016 1423 Coeperat
2029 1357 2166 1403 esse
2187 1358 2362 1419 prae-

278 1454 419 1517 ceps
453 1438 528 1497 ad
558 1436 1053 1517 repraesentanda
1084 1434 1388 1515 supplicia,
1431 1433 1569 1494 item
1604 1431 1680 1491 ad
1713 1429 2006 1490 deteriora
2040 1426 2358 1489 credenda.

175 1528 258 1589 4⁰
278 1522 377 1585 Sic
416 1522 637 1585 scilicet
678 1541 775 1583 res
820 1522 1114 1585 secundae
1153 1522 1343 1581 valent
1385 1525 1744 1579 commutare
1786 1523 2085 1586 naturam,
2125 1520 2190 1573 et
2223 1531 2359 1572 raro

175 1613 252 1676 41
278 1608 585 1688 quisquam
612 1626 749 1685 erga
776 1606 933 1667 bona
956 1624 1064 1668 sua
1090 1606 1235 1669 satis
1256 1616 1457 1667 cautus
1478 1611 1586 1665 est.
1629 1600 1793 1662 ldem
1815 1599 1972 1661 enim
1991 1598 2196 1679 paullo
2223 1606 2366 1659 ante

276 1694 604 1772 Lyncesten
646 1693 1035 1753 Alexandrum
1090 1692 1348 1753 delatum
1393 1708 1425 1749 a
1467 1688 1697 1749 duobus
1739 1686 2030 1747 indicibus
2075 1684 2366 1745 damnare

275 1796 400 1843 non
436 1776 814 1848 sustinuerat,
858 1776 1197 1853 humiliores
1237 1793 1473 1854 quoque
1506 1792 1642 1835 reos
1667 1781 1868 1834 contra
1895 1788 2066 1832 suam
2089 1768 2370 1831 volunta-

275 1870 415 1933 tem,
460 1861 593 1939 quia
624 1862 833 1922 ceteris
858 1862 1207 1921 videbantur
1231 1861 1518 1933 insonteS,
1559 1876 1774 1939 passus
1806 1855 2064 1929 absolvi;
2090 1855 2368 1917 hostibus

174 1950 257 2014 42
276 1945 442 2008 victis
470 1965 649 2025 regna
675 1946 1002 2007 reduxerat.
1047 1946 1135 2006 Ad
1158 1946 1420 2009 ultimum
1449 1964 1480 2006 a
1503 1954 1692 2020 semet
1717 1944 1850 2024 ipso
1875 1942 2279 2020 degeneravit,
2311 1949 2370 2002 ut

278 2032 561 2093 adversus
596 2031 899 2094 libidinem
935 2031 1116 2092 animi
1144 2031 1382 2095 arbitrio
1421 2032 1599 2093 scorti
1627 2029 1752 2091 aliis
1783 2047 1964 2108 regna
2001 2029 2191 2100 daret,
2241 2027 2368 2088 aliis

174 2119 259 2183 43
278 2117 559 2180 adimeret
584 2117 779 2180 vitam.
848 2118 1063 2178 lisdem
1103 2119 1228 2180 fere
1269 2118 1478 2178 diebus
1515 2117 1713 2178 literas
1744 2133 1776 2175 a
1803 2114 2000 2178 Coeno
2029 2113 2270 2192 accepit
2297 2115 2370 2174 de

176 2207 260 2268 44
278 2204 478 2268 rebus'
496 2203 557 2264 in
580 2204 815 2284 Europa
842 2213 901 2266 et
928 2204 1059 2264 Asia
1094 2203 1292 2282 gestiS‚
1337 2204 1476 2264 dum
1503 2203 1636 2282 ipse
1659 2201 1886 2263 Indiam
1922 2199 2180 2278 subegit.
2257 2201 2372 2260 Zo-

277 2289 463 2370 pyrio‚
484 2289 765 2350 Thraciae
782 2289 1174 2369 praeposituS,
1194 2309 1372 2368 quum
1395 2287 1824 2368 expeditionem
1843 2287 1905 2348 in
1925 2285 2104 2347 Getas
2123 2287 2370 2358 faceret,

278 2375 722 2454 tempestatibus
749 2375 1138 2454 procellisque
1174 2375 1368 2436 subito
1396 2374 1610 2436 coortis
1639 2391 1771 2434 cum
1803 2382 1928 2437 toto
1959 2372 2226 2454 exercitu
2253 2391 2372 2450 op-

177 2463 259 2523 45
276 2479 523 2542 pressus
546 2469 685 2522 erat.
732 2461 861 2534 Qua
881 2460 1109 2539 cognita
1133 2461 1298 2522 clade
1319 2461 1568 2522 Seuthes
1588 2459 1849 2539 Odrysas
1875 2459 2198 2539 populares
2217 2476 2370 2518 snos

278 2547 351 2607 ad
391 2546 777 2612 defectionem
812 2547 1187 2624 compulerat.
1239 2547 1476 2614 *Amissa
1507 2545 1943 2626 propemodum
1967 2543 2250 2617 Thracia,
2293 2562 2372 2604 ne

237 2693 243 2704 ,
284 2630 525 2692 Graecia
563 2631 797 2708 quidem
832 2630 909 2715 f*
933 2630 961 2662 *

224 2714 257 2775 1
410 2715 566 2794 Cap.
594 2715 667 2778 11.
712 2715 895 2794 Igitur
920 2715 1151 2794 triginta
1184 2713 1428 2776 navibus
1457 2715 1702 2777 Suniuin
1741 2714 2150 2777 transmittunt
2191 2710 2380 2791 (pro-

279 2801 635 2862 montorium
664 2809 752 2862 est
776 2803 994 2864 Atticae
1018 2800 1258 2876 terrae),
1285 2800 1441 2863 unde
1470 2809 1706 2880 portum
1728 2800 1892 2862 urbis
1914 2807 2122 2881 petere
2150 2798 2380 2859 decre-

215 2885 263 2948 2
282 2893 501 2946 verant.
546 2881 651 2946 His
676 2887 920 2966 cognitis
946 2905 1048 2949 rex
1066 2885 1318 2964 Harpalo
1335 2885 1908 2966 Atheniensibusque
1927 2887 2088 2948 iuxta
2111 2884 2380 2946 infestus

221 2969 262 3030 3
282 2971 530 3032 classem
557 2973 751 3050 parari
774 2973 955 3048 iubet,
1000 2963 1254 3034 Athenas
1281 2971 1556 3052 protinus
1577 2971 1888 3053 petiturus.
1953 2969 2140 3044 Quod
2173 2971 2378 3032 consi-

277 3055 421 3118 lium
446 3058 640 3136 agitat,
684 3076 863 3136 quum
886 3060 1033 3123 clam
1056 3058 1257 3120 literae
1281 3057 1334 3118 ei
1371 3058 1720 3132 redduntur,
1763 3057 2080 3136 Harpalum
2105 3057 2376 3131 intrasse

283 3142 519 3222 quidem
570 3143 827 3204 Athenas
844 3192 859 3219 ‚
902 3144 1149 3224 pecunia
1190 3142 1553 3205 conciliasse.
1573 3143 1684 3206 sibi
1733 3143 2066 3222 principum
2114 3144 2368 3209 animos,

278 3247 419 3290 mox
458 3228 703 3292 concilio
749 3229 934 3309 plebis
966 3229 1167 3290 habito
1202 3229 1429 3290 iussum
1473 3230 1622 3292 urhe
1663 3230 1947 3291 excedere
1987 3229 2063 3289 ad
2107 3229 2366 3290 Graecos

278 3314 493 3377 milites
519 3314 875 3395 pervenisse,
908 3332 943 3374 a
970 3314 1181 3392 quibus
1204 3314 1597 3395 interceptum
1619 3325 1677 3377 et
1703 3316 2128 3393 interemptum
2161 3334 2196 3374 a
2231 3333 2368 3394 qno·

216 3402 265 3464 4
282 3398 416 3462 dam
441 3401 803 3464 Thimbrone
830 3418 941 3480 per
959 3399 1222 3463 insidias·
1281 3399 1387 3462 His
1416 3402 1606 3481 laetus
1629 3403 1688 3464 in
1707 3403 2004 3480 Europam
2029 3395 2378 3464 traiiciendi

284 3485 587 3574 consilium
616 3487 831 3562 omisit,
860 3487 965 3548 sed
994 3487 1209 3562 exules,
1233 3495 1467 3566 praeter
1493 3489 1740 3569 eoshqui
1767 3487 1914 3549 civili
1935 3487 2250 3565 sa‘nguine
2275 3485 2380 3546 ad-

284 3570 470 3647 spersi
492 3584 675 3651 erant,
700 3574 890 3655 recipi
911 3572 983 3634 ab
1004 3573 1276 3637 omnibus
1295 3571 1654 3638 Graecorum
1675 3573 2020 3647 civitatibuS,
2043 3577 2198 3652 quis
2223 3571 2380 3653 pulsi
