2417 3900
557 151 700 214 ΠΒ.
743 151 838 214 lv.
881 151 1014 231 (11.)
1058 151 1220 213 CAP.
1266 151 1413 212 XIV.
1462 147 1753 214 12—26.
2101 149 2185 210 61

135 266 326 329 habet.
363 267 476 329 nisi
515 271 657 350 quid
695 272 759 332 in
789 271 976 344 vobis,
1017 269 1152 348 ipse
1189 287 1299 348 ego
1324 269 1547 332 maiore
1570 271 1688 333 mei
1726 279 1893 352 parte
1920 273 2184 369 captivus

135 371 276 414 sum.
317 354 536 434 Eripite
570 359 795 418 viscera
829 373 960 417 mea
993 373 1068 416 ex
1101 354 1376 418 vinculis:
1418 357 1707 419 restituite
1744 356 1887 418 mihi
1920 362 2185 446 pignora,

130 457 232 519 pro
271 440 482 519 quibus
524 443 644 523 ipsi
675 441 830 503 mori
863 461 986 503 non
1017 441 1326 516 recusatis,
1373 453 1700 523 parentem,
1750 444 2001 505 liberos·
2050 463 2190 507 nam

127 525 430 605 coniugem
451 526 514 588 in
537 529 638 590 illo
669 545 905 590 carcere
931 526 1115 588 amisi.
1211 527 1464 603 Credite,
1494 547 1653 592 nunc
1679 547 1889 592 omnes
1910 521 2029 590 hos
2056 538 2191 592 ten-
2207 531 2294 596 23

125 612 266 672 dere
283 612 362 672 ad
389 632 496 674 vos
521 633 752 689 manue,
783 615 1097 695 implorare
1119 613 1347 694 patrios
1372 616 1537 689 deoS,
1575 635 1751 697 opem
1775 623 2054 690 vestram,
2078 615 2199 678 mi·

125 698 522 774 sericordiam,
555 702 736 762 fidem
761 715 1102 781 exposcere,
1145 707 1213 761 ut
1246 701 1547 776 servitute,
1584 712 1648 764 ut
1683 701 2092 782 compedibus,
2129 709 2197 764 ut

124 776 392 862 precario
417 785 570 848 victu
594 788 760 867 ipsos
789 787 1072 850 liberetis.
1117 787 1208 848 An
1237 787 1476 849 creditis
1503 805 1696 868 aequo
1723 789 1920 850 animo
1943 789 2039 851 his
2060 806 2195 850 ser-

38 951 40 954 *
127 869 265 942 vire,
293 884 544 948 quorum
574 891 747 953 reges
791 892 922 937 esse
960 871 1312 936 fastidiunt?
1377 873 1562 936 Video
1594 875 1896 937 admoveri
1928 875 2194 938 hostium
2214 877 2303 942 24

125 954 338 1017 aciem:
377 959 481 1019 sed
505 978 620 1039 quo
649 963 896 1040 propius
922 959 1240 1022 discrimen
1265 962 1506 1036 accedo,
1532 961 1648 1022 hoc
1667 961 1865 1024 minus
1889 961 2000 1039 hie,
2042 979 2198 1042 quae

123 1041 256 1116 dixi,
293 1059 536 1143 possum
567 1065 701 1108 esse
748 1054 1084 1110 contentuS.
1127 1047 1244 1108 Per
1283 1065 1395 1126 ego
1423 1066 1529 1109 vos
1567 1048 1713 1110 deos
1740 1048 1967 1130 patrios
2004 1057 2199 1109 aeter-

123 1144 382 1207 numque
397 1130 613 1210 ignem,
639 1132 739 1212 qui
761 1136 1094 1234 praefertur
1114 1133 1415 1208 altaribus,
1429 1133 1855 1232 fulgoremque
1875 1134 2022 1194 solis
2043 1133 2200 1195 intra

120 1213 266 1276 fines
311 1217 480 1294 regni
524 1219 643 1279 mei
693 1220 955 1294 orientiS,
1001 1236 1113 1299 per
1155 1229 1460 1280 aeternam
1508 1221 1855 1280 memoriam
1903 1218 2053 1297 Cyri,
2103 1217 2205 1297 qui

123 1302 457 1380 ademptum
486 1303 680 1365 Medis
705 1305 1042 1384 Lydisque
1025 1305 1343 1382 imperium
1365 1303 1593 1384 primus
1618 1305 1682 1365 in
1711 1303 2017 1365 Persidem
2043 1303 2205 1366 intu-

120 1385 210 1448 lit:
248 1387 544 1450 vindicate
567 1390 644 1452 ab
671 1390 880 1450 ultimo
909 1389 1203 1450 dedecore
1232 1407 1453 1450 nomen
1484 1397 1841 1468 gentemque
1866 1390 2204 1450 Persarum.

119 1473 202 1534 Ite
225 1474 454 1534 alacres
483 1485 544 1536 et
581 1491 692 1553 spe
717 1475 898 1554 pleni,
941 1483 1026 1547 ut,
1071 1492 1245 1552 quam
1284 1473 1529 1553 gloriam
1566 1475 1877 1553 accepistis
1904 1492 1938 1535 a
1963 1473 2205 1537 maiori·
2222 1471 2310 1546 2⁹5

119 1558 232 1620 bus
259 1559 498 1634 vestris„
539 1560 798 1639 posteris
825 1559 1302 1638 relinquatiS.1n
1339 1559 1560 1622 dextris
1584 1560 1797 1622 vestris
1822 1561 1941 1621 iam
1960 1546 2206 1622 liberta-

38 1655 44 1668 ‘
119 1655 260 1718 tem,
289 1663 488 1724 opem,
519 1664 714 1734 spem
712 1647 892 1709 futuri
912 1645 1200 1726 temporis
1226 1645 1467 1726 geritis.
1490 1647 1707 1726 Effugit
1731 1657 2003 1724 mortem,
2042 1646 2206 1728 quis-

123 1731 260 1809 quis
293 1715 743 1830 contempserit:
787 1733 1222 1796 timidissimum
1253 1752 1549 1813 quemque
1577 1735 1978 1815 consequitur.
2066 1733 2204 1814 Ipse
2224 1740 2311 1806 26

120 1835 246 1878 ιιοιι
279 1817 469 1896 patrio
504 1837 670 1880 more
705 1821 916 1896 solum,
969 1821 1076 1881 sed
1115 1820 1286 1882 etiam
1326 1829 1393 1882 ut
1431 1819 1695 1900 conspici
1730 1822 1978 1902 possim,
2028 1839 2209 1883 curru

116 1904 319 1979 vehor,
369 1923 486 1967 nec
517 1923 747 1979 recuso,
789 1926 906 1987 quo
946 1907 1143 1969 minus
1176 1906 1488 1969 imitemini
1523 1927 1639 1984 me,
1680 1909 1803 1971 sive
1840 1907 2206 1974 fortitudinis

119 1990 454 2071 exemplum
469 1992 607 2054 sive
632 1994 898 2073 ignaviae
923 1992 1112 2055 fuero.

245 2078 338 2140 Ca
347 2098 408 2159 p.
449 2078 573 2141 XV.
627 2080 872 2141 Interim
899 2079 1249 2153 Alexander,
1283 2085 1351 2139 ut
1376 2085 1433 2139 et
1460 2079 1931 2141 demonstratum
1954 2097 1990 2140 a
2009 2086 2209 2139 trans-
2232 2082 2269 2146 1

123 2164 253 2243 fuga
275 2164 631 2227 insidiarum
661 2166 856 2227 locum
891 2166 1244 2236 circumiret,
1278 2170 1341 2223 et
1358 2162 1570 2237 Dareo,
1613 2165 1713 2243 qui
1749 2166 2001 2225 laevum‘
2024 2180 2213 2224 cornu

121 2252 415 2326 tuebatur,
444 2258 809 2324 occurreret,
838 2268 1052 2327 agmen
1077 2248 1385 2327 obliquum
1408 2247 1689 2309 incedere
1710 2247 1897 2309 iubet.
1984 2246 2211 2309 Dareus
2230 2254 2272 2315 2

124 2354 358 2416 quoque
393 2336 611 2397 eodem
652 2352 826 2397 suum
863 2335 1116 2396 obvertit
1142 2335 1330 2395 Besso
1372 2332 1697 2407 admonito,
1744 2341 1811 2394 ιιι
1832 2332 2215 2419 Massagetas

125 2423 349 2501 equites
377 2422 441 2483 in
465 2420 694 2482 laevum
717 2420 1032 2482 Alexandri
1060 2438 1247 2481 cornu
1273 2436 1306 2479 a
1332 2417 1513 2479 latere
1539 2418 1735 2479 invehi
1758 2408 2009 2481 iuberet.
2076 2417 2213 2501 Ipse
2232 2425 2275 2489 3

126 2516 258 2569 ante
287 2527 356 2570 se
398 2509 648 2570 falcatos
688 2526 897 2569 currus
930 2507 1207 2581 habebat,
1256 2523 1407 2584 quos
1440 2504 1610 2584 signo
1642 2506 1778 2567 dato
1806 2507 2116 2569 universos
2150 2506 2215 2569 in

129 2594 364 2657 hostem
405 2594 636 2658 effudit.
697 2594 972 2657 Ruebant
1018 2592 1224 2655 laxatis
1259 2590 1507 2653 habenis
1543 2592 1797 2673 aurigae,
1846 2613 1965 2675 quo
2008 2594 2215 2675 plures

129 2682 396 2744 nondum
433 2681 580 2745 satis
619 2681 859 2761 proviso
909 2680 1134 2761 impetu
1165 2679 1525 2740 obtererent.
1612 2679 1772 2742 Alios
1815 2698 1959 2761 ergo
2007 2681 2278 2748 hastam

130 2769 376 2831 multum
408 2770 565 2831 ultra
603 2776 906 2829 temonem
946 2766 1291 2839 eminenteS‚
1334 2764 1481 2827 alios
1515 2764 1589 2827 ab
1618 2776 1867 2847 utroque
1894 2767 2078 2829 latere
2108 2770 2217 2830 de·-

132 2854 344 2916 missae
370 2856 555 2917 falces
579 2854 929 2917 laceravere.
985 2854 1108 2915 Nee
1131 2852 1354 2913 sensim
1378 2852 1733 2918 Macedones
1761 2855 2069 2931 cedebant,
2104 2854 2217 2918 sed

135 2940 315 3010 effusa
360 2940 744 3003 turbaverant
783 2943 922 3021 fuga
963 2939 1227 3002 ordines.
1314 2938 1591 3001 Mazaeus
1642 2959 1881 3022 quoque
1925 2942 2275 3023 perculsisu

134 3034 352 3089 metum
391 3028 671 3103 incussit,
715 3028 872 3089 mille
919 3026 1210 3107 equitibus
1248 3025 1321 3086 ad
1370 3025 1703 3121 diripienda
1737 3028 1923 3090 hostis
1960 3026 2223 3111 impedi-

135 3124 329 3175 menta
357 3075 759 3177 circumvelli
743 3114 941 3189 iussiS,
966 3122 1154 3187 ratuS,
1201 3110 1465 3192 captivos
1490 3118 1747 3192 quoque,
1786 3115 1889 3197 qui
1910 3114 2090 3179 simul
2120 3130 2217 3173 as-

138 3202 558 3274 servabantur,
609 3216 890 3281 rupturos
938 3201 1199 3273 vincula,
1250 3218 1430 3278 quum
1480 3217 1623 3262 suos
1655 3200 2217 3301 appropinquantes

137 3286 450 3349 vidissent.
537 3286 668 3348 Non
717 3288 1001 3349 fefellerat
1045 3286 1522 3359 Parmenionem,
1573 3287 1671 3368 qui
1716 3289 1781 3350 in
1821 3291 1987 3352 laevo
2028 3298 2217 3345 cornu
2236 3296 2280 3360 6

141 3382 283 3436 erat.
343 3372 613 3453 Propere
638 3371 815 3451 igitur
838 3374 1255 3455 Polydamanta
1283 3372 1457 3434 mittit
1479 3374 1551 3435 ad
1588 3394 1811 3453 regem,
1848 3373 1949 3453 qui
1976 3378 2033 3431 et
2058 3366 2221 3448 peri-

143 3462 339 3521 culum
371 3460 716 3521 ostenderet
737 3469 811 3534 et,
847 3460 985 3539 quid
1013 3462 1137 3523 fieri
1164 3460 1414 3535 iuberet,
1448 3463 1800 3523 consuleret.
1886 3457 1990 3518 Ille
2015 3451 2281 3532 audito7

143 3544 583 3628 Polydamante,
607 3546 735 3621 Abi,
756 3546 990 3621 nuncia,
1015 3546 1222 3627 inquit,
1248 3546 1644 3621 Parmenioni,
1672 3566 1724 3607 5ι
1739 3560 1863 3607 acie
1888 3541 2223 3619 vicerimus,

147 3650 270 3693 non
296 3640 507 3694 nostra
535 3634 725 3695 solum
749 3650 861 3695 nos
890 3642 1363 3711 recuperaturos,
1406 3634 1512 3693 sed
1540 3632 1733 3701 etiam,
1784 3645 1934 3705 quae
1960 3628 2225 3689 hostium
