2417 3900
569 93 712 180 ua.
754 93 850 154 1v.
896 91 1023 170 (11.)
1069 93 1228 156 CAP.
1271 93 1339 155 x.
1390 91 1681 158 15—34.
2036 95 2145 158 ·51

46 215 348 294 praefert,
398 213 505 274 sed
542 230 682 273 cave
712 213 916 274 miseri
947 211 1204 274 hominis
1243 212 1481 275 auribus
1515 233 1753 294 parcas:
1804 213 1979 276 di‘dici
2015 234 2148 278 esse

45 300 289 374 infelix,
337 305 396 360 et
435 316 619 379 saepe
659 299 1006 361 calamitatis
1047 297 1321 360 solatium
1350 309 1442 362 est
1473 319 1657 362 nosse
1702 309 1923 362 sortem
1960 321 2147 364 suam.

47 389 236 460 Num,
289 386 449 466 quod
477 383 748 447 maxime
775 385 1049 466 suspicor
1075 393 1133 468 et
1156 386 1320 466 loqui
1346 386 1543 460 timeo,
1588 387 1840 449 ludibria
1875 407 2146 452 meorum
2166 387 2249 451 27

45 472 457 534 nunciaturus
501 491 585 546 οε,
632 471 780 532 mihi
807 480 883 545 et,
931 481 996 534 ut
1021 472 1217 546 credo,
1262 471 1408 551 ipsis
1438 492 1671 553 quoque
1699 474 1860 536 omni
1890 475 2145 538 tristiora

45 555 410 638 supplicio?
499 557 588 619 Ad
614 558 765 618 haec
786 556 1070 638 Tyriotes,
1111 557 1284 618 Istud
1320 558 1555 638 quidem
1579 563 1785 639 procul
1818 559 2005 637 abest,
2054 563 2147 624 in-
2166 559 2252 620 28

45 646 220 724 quit,
249 651 750 724 quantuscunque
779 644 931 705 enim
962 644 1180 724 reginis
1203 644 1400 705 honor
1423 644 1497 705 ab
1525 645 1637 719 his,
1662 647 1761 726 qui
1786 657 2012 729 parent,
2040 649 2150 709 ha—

45 733 192 792 beri
221 736 444 809 potest,
471 729 590 792 tuis
615 748 650 790 a
675 729 892 792 victore
916 738 1182 791 servatus
1210 738 1331 807 est3
1362 731 1467 791 sed
1492 751 1641 792 uxor
1663 741 1761 794 tua
1785 734 1983 812 paullo
2013 744 2149 796 ante

42 816 330 877 excessit
355 834 387 875 e
412 814 546 878 vita.
633 815 784 877 Tum
808 834 947 877 vero
974 835 1101 877 non
1129 817 1381 894 gemitus
1404 818 1605 892 modo,
1634 820 1741 879 sed
1771 818 1945 879 etiam
1970 821 2148 882 eiula-
2166 823 2249 884 29

41 917 158 963 tus
189 901 331 962 totis
359 901 564 963 castris
600 901 1092 964 exaudiebantur:
1142 921 1254 964 nec
1281 902 1565 966 dubitavit
1586 903 1829 979 Dareus,
1885 905 2025 984 quin
2053 908 2148 970 in-

38 989 311 1050 terfecta
344 995 518 1064 esset,
547 988 684 1068 quia
709 988 1018 1068 nequisset
1047 989 1456 1051 contumeliam
1483 991 1729 1070 perpeti.
1816 991 2147 1054 Exclamat-

39 1094 178 1155 que
207 1091 414 1134 amens
442 1074 680 1136 dolore:
713 1075 891 1148 Quod
919 1093 1032 1154 ego
1050 1082 1275 1136 tantum
1302 1079 1467 1136 nefas
1489 1078 1773 1151 commisi,
1800 1078 2149 1154 Alexander,

41 1180 241 1241 quem
278 1169 519 1222 tuorum
541 1161 1020 1241 propinquorum
1045 1161 1265 1236 necavi,
1314 1169 1379 1222 ut
1402 1163 1558 1223 hanc
1582 1163 1769 1224 vicem
1804 1163 2149 1225 restitueres

40 1247 341 1308 saevitiae
368 1243 582 1307 meae?
629 1247 823 1310 Odisti
848 1264 966 1321 me,
1002 1265 1124 1308 non
1151 1247 1388 1330 quidem
1414 1259 1800 1327 provocatus3
1841 1248 1945 1307 sed
1971 1248 2147 1326 finge,

39 1337 282 1395 iustum
303 1332 580 1394 intulisse
603 1340 663 1395 te
683 1333 932 1395 bellum:
965 1351 1096 1394 cum
1121 1332 1353 1393 feminis
1376 1351 1520 1412 ergo
1545 1351 1720 1410 agere
1747 1331 2085 1394 debueras?

193 1419 466 1499 Tyriotes
503 1419 799 1480 affirmare
832 1438 942 1499 per
982 1419 1126 1480 deos
1163 1417 1417 1496 patrios,
1462 1418 1604 1479 nihil
1643 1419 1701 1478 in
1748 1434 1877 1478 eam
1917 1420 2148 1497 gravius
2168 1428 2252 1489 30

41 1525 201 1566 esse
243 1504 634 1566 consultum:⁴
660 1503 1022 1583 ingemuisse
1067 1503 1244 1564 etiam
1279 1504 1673 1565 Alexandrum
1726 1503 1900 1565 morti
1934 1513 1991 1566 et
2026 1525 2149 1568 non

41 1591 310 1673 parcius
350 1590 600 1664 flevisse,
653 1607 828 1671 quam
858 1591 987 1672 ipse
1010 1590 1361 1652 lacrimaret.
1450 1590 1541 1650 Ob
1562 1589 1713 1650 haec
1742 1590 1871 1670 ipsa
1897 1592 2149 1653 amantis
2170 1597 2250 1658 31

30 1679 303 1738 'animus
329 1674 391 1736 in
421 1676 875 1740 sollicitudinem
896 1676 1415 1757 suspicionemque
1438 1678 1737 1738 revolutus
1762 1685 1868 1751 est,
1913 1677 2148 1739 deside-

39 1766 222 1824 rium
269 1761 530 1842 captivae
564 1765 831 1842 profecto
869 1783 902 1824 a
933 1763 1368 1824 consuetudine
1401 1764 1587 1842 stupri
1613 1773 1805 1824 ortum
1847 1783 1977 1824 esse
2005 1784 2151 1826 con-

41 1853 315 1914 iectans.
361 1849 683 1912 Summotis
705 1849 883 1929 igitur
905 1849 1160 1921 arbitriS‚
1185 1868 1304 1910 uno
1327 1850 1625 1911 dumtaxat
1640 1849 1879 1930 Tyriote
1897 1859 2148 1926 retento,
2168 1860 2251 1923 32

45 1940 177 1998 iam
213 1954 340 1995 non
367 1937 534 2011 flenS,
578 1937 684 2000 sed
711 1936 1044 2018 suspiranS,
1086 1934 1363 2011 Videsne,
1409 1936 1615 2018 inquit,
1656 1935 1912 2018 Tyriote,
1954 1938 2151 2000 locum

47 2022 379 2085 mendacio
406 2041 526 2083 non
555 2020 734 2086 esse?
776 2030 1072 2085 tormenta
1096 2021 1213 2083 iam
1236 2022 1335 2083 hic
1361 2032 1563 2099 erunt;
1607 2023 1711 2084 sed
1740 2042 1816 2084 ne
1842 2033 2151 2104 exspecta-

48 2109 222 2173 veris
248 2127 362 2188 per
393 2109 557 2183 deOS,
585 2110 635 2171 si
659 2108 800 2189 quid
827 2108 932 2172 tibi
956 2107 1044 2170 tui
1070 2108 1619 2187 regisreverentiae
1644 2118 1763 2170 est:
1800 2128 1959 2183 num,
1988 2110 2151 2189 quod

50 2206 113 2256 ot
142 2194 306 2257 scire
331 2202 544 2275 expeto
581 2203 640 2256 et
669 2214 952 2276 quaerere
989 2194 1195 2275 pudet,
1245 2213 1426 2256 ausus
1456 2204 1547 2255 est
1581 2202 1640 2255 et
1663 2194 1940 2254 dominus
1977 2203 2033 2255 et
2059 2196 2151 2255 iu-

51 2282 230 2342 venis
244 2277 281 2341 2⁹
327 2281 431 2343 Ille
458 2280 789 2361 quaestioni
810 2300 1026 2361 corpus
1046 2282 1280 2354 offerre,
1303 2279 1449 2341 deos
1469 2288 1651 2341 testes
1670 2279 1965 2352 invocare,
1990 2288 2149 2340 caste
2167 2280 2251 2343 33

54 2375 393 2445 sancteque
432 2366 691 2427 habitam
732 2385 868 2428 esse
900 2367 1184 2445 reginam.
1274 2366 1539 2426 Tandem
1575 2374 1639 2426 ut
1677 2364 1827 2425 fides
1864 2364 2015 2425 facta
2040 2377 2147 2439 est,
2170 2368 2252 2430 34

53 2472 198 2515 vera
236 2472 392 2527 esse,
446 2471 597 2532 quae
632 2454 946 2516 affirmaret
973 2454 1181 2533 spado,
1235 2453 1427 2531 capite
1452 2452 1642 2512 velato
1671 2450 1771 2512 diu
1797 2451 1972 2524 flevit,
2020 2470 2149 2513 ma-

55 2540 470 2620 nantibusque
508 2540 701 2602 adhuc
731 2540 1007 2614 lacrimis,
1030 2550 1034 2562 ¹
1056 2546 1221 2599 veste
1258 2538 1332 2599 ab
1370 2556 1473 2598 ore
1510 2538 1746 2609 reiecta,
1795 2537 1869 2598 ad
1916 2539 2147 2601 coelum

54 2642 280 2687 manus
299 2626 572 2701 tendens,
599 2626 688 2687 Dii
708 2626 898 2707 patrii,
924 2624 1134 2703 inquit,
1155 2623 1411 2704 primum
1431 2624 1573 2685 mihi
1596 2623 1846 2685 stabilite
1864 2642 2111 2703 regnum
2133 2646 2148 2687 :

56 2712 305 2785 deinde,
334 2710 384 2772 si
405 2712 478 2772 de
495 2730 591 2773 me
611 2713 726 2774 iam
748 2718 1107 2773 transactum
1131 2718 1239 2784 est,
1263 2729 1492 2791 precor,
1516 2729 1593 2771 ne
1612 2710 1741 2792 quis
1762 2710 1957 2790 potius
1977 2711 2150 2773 Asiae

59 2818 170 2859 rex
203 2798 302 2871 sit,
340 2816 512 2877 quam
536 2798 648 2860 iste
670 2807 789 2860 tam
811 2798 1003 2860 iustus
1025 2795 1235 2870 hostiS,
1270 2804 1389 2860 tam'
1417 2797 1755 2860 misericors
1777 2797 1983 2857 victor.

198 2885 363 2963 Cap.
403 2884 502 2946 XI.
557 2886 758 2965 Itaque
798 2901 1154 2964 quamquam
1193 2900 1339 2962 pace
1375 2884 1590 2945 frustra
1626 2883 1717 2944 bis
1744 2884 1924 2962 petita
1950 2883 2145 2945 omnia
2169 2879 2202 2942 1

55 2974 124 3032 in
163 2970 389 3031 bellum
415 2971 657 3032 consilia
686 2977 1074 3044 converterat,
1121 2968 1310 3030 victus
1349 2980 1545 3030 tamen
1571 2970 1932 3031 continentia
1958 2970 2148 3032 hostis

56 3058 140 3119 ad
173 3075 360 3118 novas
388 3057 549 3137 pacis
590 3057 961 3119 conditiones
1003 3054 1281 3117 ferendas
1322 3054 1530 3116 decem
1571 3056 1818 3135 legatoS,
1866 3067 2150 3136 cognato-

55 3162 199 3205 rum
240 3143 555 3226 principeS,
605 3144 782 3218 misit,
833 3161 983 3224 quos
1009 3142 1338 3203 Alexander
1374 3140 1615 3203 consilio
1642 3143 1925 3205 advocato
1959 3144 2148 3204 intro-

58 3230 207 3293 duci
237 3227 427 3290 iussit.
511 3230 558 3291 E
584 3231 797 3309 quibus
821 3228 1114 3291 maximus
1139 3234 1301 3300 natu,
1323 3229 1597 3302 Dareum,
1620 3227 1829 3309 inquit,
1855 3237 1921 3290 ut
1942 3244 2146 3307 pacem
2164 3222 2205 3281 2

60 3338 94 3379 a
125 3326 190 3378 te
218 3315 336 3377 iam
361 3316 476 3379 hoc
499 3318 670 3377 tertio
698 3325 943 3399 peteret,
968 3316 1127 3377 nulla
1151 3314 1240 3375 vis
1264 3314 1517 3393 subegit,
1544 3315 1653 3377 sed
1678 3314 1896 3377 iustitia
1924 3324 1982 3374 et
2002 3328 2145 3371 con-

57 3402 319 3466 tinentia
349 3403 658 3484 expressit.
746 3402 1012 3476 Matrem,
1053 3402 1382 3480 coniugem,
1414 3401 1635 3463 liberos
1664 3402 1806 3475 eius,
1842 3398 1957 3460 nisi
1986 3394 2144 3474 quod
2163 3391 2209 3455 3

63 3492 201 3553 sine
239 3488 339 3550 illo
374 3498 529 3564 sunt,
585 3497 790 3570 captos
818 3508 950 3550 esse
977 3508 1098 3550 non
1126 3488 1340 3551 sensit:
1388 3487 1701 3567 pudicitiae
1725 3500 1943 3556 earum,
1994 3498 2145 3561 quae

64 3584 415 3659 supersunt,
467 3595 664 3665 curam
707 3576 865 3637 haud
897 3594 1072 3638 secus
1102 3592 1276 3655 quam
1314 3591 1531 3655 parens
1560 3590 1741 3651 agens
1781 3568 2013 3649 reginas
2040 3586 2146 3651 ap-

1770 3668 1843 3716 4*
2196 3665 2203 3679 “
