2417 3900
558 78 703 144 me.
744 77 812 141 v.
859 78 1020 163 (ιιι.)
1069 82 1230 153 (ιΑΡ.
1275 83 1401 150 vu.
1446 32 1693 175 1-i2.
2066 84 2151 147 ea

20 221 30 232 *
86 196 364 257 inundata
395 205 487 261 est
522 199 900 263 contabulato
933 201 1082 261 mari
1113 202 1371 282 molibus
1402 204 1811 283 perfossisque
1834 205 2156 281 montibus,

85 282 146 343 in
179 301 425 363 quorum
460 304 676 367 specus
705 286 920 347 fretum
943 284 1277 349 immissum
1308 296 1419 351 est.
1471 293 1560 353 Ae
1578 308 1659 353 ne
1680 298 1802 351 tam
1826 289 2003 369 ionga
2029 294 2158 372 qui·-
2176 292 2215 351 9

85 370 214 429 dem
248 378 456 444 aetate,
491 389 644 453 quae
681 370 975 436 excidium
1017 370 1144 433 eius
1177 382 1431 453 sequuta
1462 385 1569 451 est,
1606 374 1950 438 resurrexit.
2005 378 2159 440 Alias

79 456 548 518 urbesbabucre
567 457 962 535 Macedonum
983 476 1176 537 reges,
1203 478 1353 538 quas
1376 480 1535 523 nunc
1552 464 1777 525 habent
1792 461 2025 523 Parthi:
2050 464 2163 525 hu*

79 543 168 603 ius
208 542 520 620 vestigium
558 562 684 605 non
717 542 1111 618 inveniretur,
1153 546 1275 609 ulsi
1308 548 1547 611 Araxes·
1568 549 1757 609 amnis
1800 549 2165 611 ostenderet.

77 628 248 689 Haud
291 630 503 707 procul
539 629 856 704 moenibus
894 632 1174 692 fluxerat:
1220 632 1364 699 inde
1399 633 1610 695 urbem
1638 634 1822 695 fuisse
1844 653 1927 695 xx
1962 632 2167 696 stadiis

76 716 398 777 distantem
424 716 672 777 credunt
689 715 876 793 magis
901 735 1080 798 quam
1103 718 1303 791 sciunt
1323 720 1583 782 accolae.
1606 721 1876 782 Pudebat
1887 720 2165 782 Macedo·
2188 724 2269 787 10

73 818 208 873 neS,
231 798 350 859 ta'm
379 802 740 881 praeclaram
768 802 976 866 urbem
995 822 1028 863 a
1047 806 1533 870 comessabundo
1566 824 1709 885 rege
1728 806 1979 868 deletam
2012 824 2164 869 esse.

74 886 286 963 Itaque
318 886 504 949 resin
537 887 754 949 serium
781 906 950 949 versa
987 898 1097 963 est,
1137 892 1825 972 etimperaverunt‘sibi‘,
1865 901 1931 955 ut
1958 896 2163 955 crede-

73 980 216 1033 rent
245 970 342 1032 illo
375 972 954 1052 potissimnmjmodo
980 976 1166 1037 fuisse
1181 978 1525 1043 delendam.
1570 979 1791 1060 Ipsum,
1816 989 1881 1042 ut
1906 978 2163 1060 primum
2186 978 2259 1041 11

73 1065 372 1137 gravatam
410 1060 692 1121 ebrietate
722 1070 986 1123 mentem
1019 1062 1186 1142 quies
1205 1066 1503 1138 reddidit,
1532 1066 1905 1144 poenituisse
1936 1073 2169 1127 constat
2252 1061 2275 1117 -“

65 1154 127 1205 et
163 1144 414 1219 dixisse,
454 1146 714 1225 maiores
759 1164 986 1225 poenas
1025 1148 1241 1209 Persas
1280 1150 1521 1213 Graecis
1569 1152 1814 1211 daturos
1864 1151 2079 1229 fuisse,
2116 1150 2169 1211 si

61 1232 272 1311 ipsum
304 1230 367 1291 in
394 1233 543 1295 solio
573 1231 853 1311 regiaque
877 1232 1088 1299 Xerxis
1115 1236 1417 1313 respicere
1442 1237 1629 1297 coacti
1656 1242 1877 1295 essent.
1918 1235 2165 1297 Postero
2192 1242 2271 1304 12

60 1318 169 1377 die
207 1316 404 1397 Lycio,
437 1317 688 1391 itineri-S,
728 1335 846 1395 quo
879 1317 1190 1378 Persidem
1224 1320 1565 1393 intraverat,
1608 1320 1765 1393 duci,
1800 1338 1915 1380 xxx
1950 1321 2171 1382 talenta

55 1405 234 1465 dono
263 1402 444 1471 dedit.
503 1402 658 1487 Hinc
690 1400 755 1461 in
779 1400 1086 1479 regionem
1108 1402 1339 1465 Mediae
1370 1404 1621 1479 transiit,
1652 1404 1763 1466 ubi
1786 1404 2170 1483 supplemen-

49 1500 200 1551 tum
221 1506 518 1552 novorum
545 1506 578 1547 e
598 1485 794 1548 Cilicia
819 1485 1072 1549 militum
1096 1490 1373 1551 occurrit.
1415 1490 1691 1553 Peditum
1717 1500 1883 1551 erant
1910 1492 2171 1570 qui-nque

43 1573 254 1648 milia,
295 1573 524 1653 equites
557 1572 745 1635 mille:
780 1571 1046 1652 utrisque
1074 1574 1287 1637 Platon
1313 1574 1691 1639 Atheniensis
1718 1586 2009 1657 praeerat.
2064 1576 2171 1639 His

46 1660 272 1741 copiis
295 1668 502 1721 auctus
523 1658 780 1721 Dareum
809 1659 1084 1739 persequi
1113 1662 1337 1723 statuit.
1640 1712 1645 1720 .
2132 1710 2137 1715 .

211 1746 306 1806 Ga
319 1764 380 1825 p.
420 1744 566 1809 vul.
635 1745 740 1807 Ille
761 1745 1223 1823 ..iaancbatana
1276 1755 1646 1829 pervenerat.
1716 1746 1901 1827 Caput
1939 1746 2169 1809 Mediae
2191 1751 2224 1815 1

35 1832 224 1896 urbs
265 1832 446 1893 haec:
481 1850 642 1895 nunc
678 1833 1133 1909 tenentPartbi,
1171 1852 1362 1924 eaque
1386 1833 1605 1897 aestiva
1639 1834 1953 1912 >agentibus
1990 1834 2169 1896 sedae
2219 1882 2229 1893 ,

37 1928 184 1983 est.
245 1917 424 1982 Adire
458 1918 674 1983 deinde
706 1918 919 1998 Bactra
945 1920 1306 1996 decreverat,
1342 1921 1453 1984 sed
1484 1920 1723 1996 veritus,
1762 1940 1841 1982 ne
1870 1920 2169 1982 celeritate

30 2005 391 2071 Alexandri
419 2017 826 2086 occuparetur,
856 2007 1174 2071 consilium.
1185 2009 1418 2088 iterque
1442 2007 1705 2070 mutavit.
1748 2007 1969 2068 Aberat
1992 2007 2067 2067 ab
2096 2007 2168 2067 'eo
2186 2016 2229 2078 2

28 2091 411 2157 Alexander
437 2092 628 2156 stadia
651 2111 772 2167 1113
807 2091 915 2154 sed
945 2093 1064 2156 iam
1092 2095 1321 2157 nullum
1354 2092 1729 2154 intervallum
1758 2092 2041 2152 adversus
2066 2109 2171 2150 ve-
2228 2137 2241 2146 .

25 2183 108 2244 lo
119 2179 374 2240 citatem
421 2177 548 2240 eius
591 2178 736 2244 satis
775 2165 1022 2254 longum
1055 2178 1381 2239 videbatur.
1450 2177 1654 2254 Itaque
1698 2174 1927 2253 proelio
1981 2174 2171 2251 maffi's

31 2283 260 2348 quam
294 2263 469 2340 fugae
505 2279 572 2322 se
603 2262 1014 2340 praeparabat.
1067 2263 1334 2340 Triginta
1356 2259 1514 2322 milia
1541 2258 1807 2339 peditum
1825 2257 2175 2337 sequeban-
2193 2271 2231 2330 3

31 2365 185 2424 tur,
223 2348 292 2409 in
318 2345 532 2427 quibus
564 2346 921 2408 Graecorum
946 2355 1113 2407 erant
1135 2354 1415 2426 quattuor
1442 2345 1619 2417 milia,
1654 2344 1777 2405 fide
1804 2360 1943 2422 erga
1966 2359 2173 2422 regem

27 2440 130 2503 ad
165 2433 457 2497 ultimum
479 2432 714 2499 invicta.
748 2430 1136 2516 Funditorum
1161 2449 1398 2512 quoque
1418 2439 1476 2508 et
1499 2429 1935 2510 sagittariorum
1960 2446 2172 2492 manus
2190 2439 2232 2499 4

29 2529 366 2606 quattuor
397 2519 556 2582 milia
591 2519 958 2600 expleverat:
1003 2525 1239 2598 praeter
1272 2519 1385 2599 hos
1414 2537 1486 2580 ιιι
1518 2515 1677 2580 milia
1716 2525 1773 2579 et
1806 2535 1915 2578 ccc
1944 2515 2171 2596 equites

25 2615 270 2682 erant,
309 2606 562 2670 maxime
599 2605 1072 2668 Parthienorum.
1129 2603 1353 2666 Bessus
1380 2613 1669 2685 praeerat,
1700 2603 2047 2666 Bactrianae
2072 2620 2172 2664 re-

23 2693 280 2780 gionis
307 2694 664 2773 praefectus.
711 2692 860 2755 Cum
882 2691 1003 2752 hoe
1019 2691 1253 2771 agmine
1280 2689 1547 2768 [Dareus]
1576 2691 1835 2772 paullum
1862 2688 2173 2751 declinavit
2190 2699 2230 2762 5

23 2787 154 2848 via
193 2779 456 2854 militari,
491 2779 672 2845 iussis
699 2778 1065 2860 praeced-ere
1095 2777 1227 2840 lixis
1260 2777 1935 2858 impedimentorumque
1969 2784 2172 2839 custo-

19 2871 282 2936 dibus.
331 2865 588 2950 §cnsilio
613 2865 828 2930 deinde
857 2864 1162 2939 advocato,
1191 2861 1255 2926 Si
1284 2883 1419 2926 cum
1442 2863 1689 2943 ignavis,
1712 2862 1921 2944 inquit,
1952 2870 2011 2924 et
2036 2862 2231 2942 plu-fi
2344 2873 2361 2888 ‘

13 2961 134 3024 ris
193 2951 676 3034 qualemcunque
711 2952 888 3016 vitam
929 2952 1181 3014 honesta
1211 2955 1415 3012 'morte
1456 2949 1901 3013 aestimantibus
1938 2949 2172 3010 fortuna

11 3037 398 3114 iunxisset,
421 3047 677 3102 tacerem
701 3040 900 3120 potius
921 3055 1098 3118 quam
1123 3039 1341 3100 frustra
1362 3035 1543 3098 verba
1572 3053 2005 3098 consumerem.
2050 3032 2229 3098 Sed?

11 3128 336 3200 maiore,
365 3144 540 3206 quam
566 3127 792 3201 vellem,
829 3125 1184 3204 documento
1218 3131 1275 3186 et
1300 3124 1579 3188 virtutem
1606 3130 1862 3184 vestram
1898 3130 1957 3182 et
1991 3119 2171 3214 fidem

11 3220 378 3299 expertus
415 3212 600 3290 magis
641 3212 814 3275 etiam
849 3210 1072 3273 conniti
1105 3211 1326 3286 debeo,
1366 3218 1433 3272 ut
1469 3209 1683 3288 dignus
1718 3208 1935 3268 talibus
1970 3217 2171 3262 amicis

9 3313 210 3378 sim,
247 3316 426 3376 quam
453 3298 735 3372 dubitare,
761 3316 836 3358 an
853 3297 1032 3358 vestri
1057 3297 1279 3360 similes
1302 3297 1495 3359 adhuc
1513 3296 1661 3358 sitis.
1696 3293 1783 3354 Ex
1805 3285 2229 3382 tot-milibussss

4 3405 248 3496 {1⁰³3
287 3384 401 3462 sub
433 3383 682 3466 imperio
721 3384 960 3444 fuerunt
990 3399 1156 3456 meo,
1187 3383 1283 3444 bis
1316 3399 1415 3443 me
1449 3381 1689 3452 victum,
1720 3378 1813 3438 bis
1850 3376 2171 3446 sufflfflssssm

175 3469 449 3550 sequuti
479 3469 640 3532 estis.
697 3467 878 3531 Fides
901 3475 1098 3528 vestra
1128 3477 1186 3531 et
1218 3465 1563 3538 constantia,
1598 3474 1667 3526 ut
1689 3474 1887 3537 regem
1914 3469 2009 3512 me
2038 3467 2173 3512 esse

4 3498 369 3675 {Ze-dam,
385 3556 542 3620 facit.
573 3555 915 3640 Proditores
936 3561 996 3614 et
1015 3555 1357 3633 transfugae
1382 3552 1443 3614 in
1463 3549 1713 3612 urbibus
1728 3540 1875 3684 mati:
1898 3541 2172 3610 regnant:
2187 3530 2235 3591 θ

61 3707 91 3754 a
