2417 3900
541 85 688 149 Lm.
727 85 796 146 v
841 83 1002 165 (ιιι)
1050 86 1211 150 (ιιι).
1255 89 1301 150 1.
1344 85 1637 150 29-45.
2048 56 2169 158 ’,ιι

120 201 536 288 virginumque,
571 205 730 284 apud
758 217 912 283 quas
947 206 1190 268 comitas
1218 206 1473 269 habetur
1498 207 1713 286 vulgati
1748 207 2015 287 corporis
2043 205 2176 270 vili-

119 297 222 350 tas,
267 280 427 351 Inter
461 289 610 350 haec
652 289 869 368 flagitia
902 291 1198 354 exercitus
1234 292 1328 352 ille
1362 293 1624 356 domitor
1650 291 1824 356 Asiae
1853 309 1963 373 por
1997 309 2175 356 xmv
2192 289 2281 353 39

119 375 238 435 dies
266 374 564 453 saginatus
593 377 668 435 ad
703 393 790 450 ea,
821 392 974 473 quae
1007 377 1423 455 sequebantur,
1450 378 1787 442 discrimina
1817 379 1975 441 haud
1999 379 2177 442 dubie

117 460 360 521 debilior
384 462 614 522 futurus
641 460 766 535 fuit,
793 460 846 520 si
870 460 1104 529 hostem
1127 462 1448 525 habuisset.

241 547 533 619 Ceterum,
579 564 700 625 quo
749 546 944 612 minus
987 547 1267 610 damnum
1316 549 1577 624 sentiret,
1615 547 1939 611 identidem
1986 547 2180 608 incre-

112 639 310 692 mento
339 631 750 694 renovabatur.
787 631 1052 712 Namque
1077 635 1361 714 Amyntas
1386 634 1749 696 Andromeni
1778 635 1850 696 ab
1874 633 2183 713 Antipatro
2202 629 2291 692 4⁰

109 717 501 778 Macedonum
533 717 791 798 peditum
817 736 920 780 sex
965 719 1124 782 milia
1168 719 1432 795 adduxit,
1481 739 1518 780 ιι
1563 728 1871 800 praeterea
1918 719 2186 781 eiusdem

109 801 349 881 generis
385 802 626 886 equiteS,
676 823 804 866 cum
842 804 935 866 bis
977 823 1052 867 nc
1081 805 1347 868 Thracas
1382 806 1675 868 adiunctis
1700 805 1999 888 peditibus
2040 821 2190 868 suae-
2202 799 2287 862 41

111 887 308 966 gentis
343 908 412 952 ιιι
450 889 684 952 milibus
713 889 1066 970 quingentis,
1114 900 1174 954 et
1214 912 1289 954 ex
1322 892 1741 972 Peloponneso
1782 891 2187 954 mercenarius

109 972 280 1036 miles
301 971 373 1036 ad
394 993 453 1038 tv
477 976 630 1038 milia
651 977 972 1038 advenerat
995 995 1129 1040 cum
1149 997 1411 1045 ccccxxx
1434 978 1743 1058 equitibus.
1769 975 1936 1040 Idem
1961 979 2187 1058 Amyn·
2202 978 2295 1041 42

109 1068 202 1120 tas
237 1060 557 1123 adduxerat
593 1081 631 1127 ι,
657 1062 992 1142 principum
1019 1064 1399 1126 Macedoniae
1438 1064 1659 1127 liberos
1694 1065 1927 1126 adultos
1965 1063 2039 1124 ad
2084 1078 2190 1126 cu-

107 1144 358 1208 stodiam
403 1148 697 1228 corporis:
744 1149 964 1228 quippe
995 1145 1148 1214 inter
1183 1151 1389 1231 epulas
1433 1150 1497 1212 hi
1546 1157 1686 1212 sunt
1726 1150 1882 1228 regis
1914 1147 2191 1222 ministri,

107 1215 401 1328 iidemque
455 1252 641 1313 equos
687 1233 1028 1296 ineuntibus
1073 1235 1365 1315 proelium
1409 1235 1725 1296 admovent
1759 1241 2192 1312 venantemque

108 1317 494 1394 comitantur,
545 1327 603 1380 et
647 1319 974 1396 vigiliarum
1019 1320 1177 1382 vices
1226 1329 1363 1382 ante
1414 1317 1667 1383 cubiculi
1716 1318 1875 1378 fores
1914 1326 2192 1381 servant.

107 1422 585 1482 magnorumque
610 1405 1046 1482 praefectorum
1068 1412 1128 1466 et
1149 1406 1369 1468 ducum
1393 1405 1543 1465 haec
1570 1405 1935 1465 incrementa
1962 1407 2103 1465 sunt
2131 1415 2194 1466 et

105 1488 464 1552 rudimenta.
549 1488 735 1566 Igitur
778 1488 898 1550 arci
946 1488 1304 1570 Babyloniae
1346 1507 1456 1551 rex
1499 1489 1807 1568 Agathone
1852 1489 2193 1568 praesidere
2208 1493 2301 1558 43

104 1575 276 1637 iusso
324 1592 458 1635 cum
511 1593 622 1636 nce
671 1573 1064 1638 Macedonum
1113 1575 1511 1655 trecentisque
1555 1575 1833 1640 mercede
1882 1573 2193 1638 conductis

103 1667 440 1741 praetoreS,
470 1659 572 1740 qui
594 1659 828 1739 regioni
852 1660 1210 1744 Babyloniae
1236 1681 1305 1724 ac
1332 1661 1565 1724 Ciliciae
1589 1669 1959 1742 praeessent,
1988 1659 2196 1722 Mene-

106 1758 235 1808 tem
261 1752 319 1805 et
339 1745 764 1826 Apollodorum
788 1747 1084 1830 relinquit.
1121 1748 1231 1812 His
1260 1749 1381 1812 duo
1410 1748 1567 1815 milia
1594 1747 1845 1812 militum
1876 1763 2009 1810 cum
2035 1743 2197 1824 mille

106 1827 349 1893 talentis
389 1831 519 1894 dat:
568 1832 803 1913 utrique
832 1842 1237 1915 praeceptum,
1274 1834 1431 1898 utin
1456 1836 1935 1916 supplementum
1972 1816 2192 1896 milites

105 1919 394 1997 legerent.
439 1918 740 1983 Mazaeum
777 1923 1143 2002 transfugam
1167 1921 1427 2005 satrapia
1461 1921 1817 2004 Babyloniae
1846 1921 2049 1995 donat,
2075 1919 2193 1983 Ba-
2212 1921 2303 1982 44

110 2005 464 2085 gophanem,
493 2006 592 2086 qui
619 2024 817 2069 arcem
845 2009 1184 2083 tradiderat,
1222 2027 1289 2070 se
1328 2008 1497 2089 sequi
1536 2010 1732 2083 iussin
1780 2007 2055 2069 Armenia
2082 2004 2194 2068 Mi-

109 2088 326 2165 threni,
354 2090 628 2153 Sardium
652 2093 962 2173 proditori,
989 2095 1124 2157 data
1147 2102 1259 2157 est.
1310 2094 1394 2155 Ex
1421 2094 1672 2174 pecunia
1699 2092 1917 2154 deinde
1942 2091 2194 2171 Babylo·
2214 2090 2304 2151 45

113 2176 247 2237 niae
299 2176 514 2239 tradita
562 2178 988 2241 Macedonibus
1044 2178 1343 2275 equitibus
1394 2179 1637 2239 sexceni
1694 2172 1921 2253 denarii
1970 2174 2197 2248 tributi,

107 2262 465 2343 peregrinus
493 2278 676 2339 eques
703 2263 1038 2341 quingenos
1065 2264 1311 2342 accepit,
1346 2264 1611 2324 ducenos
1640 2261 1848 2343 pedes,
1882 2259 2062 2321 trium
2092 2258 2200 2320 sti·

111 2344 403 2429 pendium
432 2345 742 2415 mensium.

126 2492 135 2500 ,
247 2427 414 2513 Cap.
441 2430 516 2493 11.
585 2430 690 2493 His
724 2432 804 2495 ita
849 2429 1195 2509 compositis
1240 2430 1305 2491 in
1327 2430 1653 2509 regionem,
1694 2446 1847 2511 quae
1870 2424 2201 2508 satrapeae
2220 2436 2261 2500 1

113 2526 376 2592 vocatur,
417 2516 708 2599 pervenit.
783 2512 1016 2579 Fertilis
1051 2522 1229 2590 terra,
1279 2515 1446 2596 copia
1482 2532 1683 2579 rerum
1734 2522 1794 2577 et
1827 2513 1991 2577 omni
2034 2530 2200 2577 com-

114 2611 318 2665 meatu
343 2602 678 2669 abundans.
720 2601 928 2683 ltaque
949 2596 1172 2665 diutius
1195 2601 1281 2664 ibi
1302 2601 1575 2678 substitit,
1603 2622 1689 2679 ac,
1715 2620 1793 2664 ne
1816 2601 2053 2664 desides
2078 2601 2199 2665 otio
2218 2610 2267 2677 2

118 2688 502 2754 demitterent
522 2688 770 2763 animoS,
793 2686 1020 2751 iudices
1048 2683 1214 2755 dedit
1234 2688 1619 2789 praemiaque
1640 2688 1959 2771 proposuit
1980 2689 2059 2751 de
2078 2687 2201 2751 vir-

115 2780 246 2837 tute
269 2776 502 2839 militari
531 2775 911 2839 certantibus.
963 2774 1210 2849 Novem,
1234 2775 1337 2857 qui
1362 2775 1669 2839 fortissimi
1701 2775 1939 2839 iudicati
1974 2784 2197 2850 esseut,
2216 2782 2261 2845 3

119 2860 370 2939 singulis
393 2862 640 2925 militum
665 2862 898 2928 milibus
922 2861 1249 2940 praefuturi
1273 2870 1441 2924 erant
1455 2859 1833 2943 (chiliarchas
1856 2860 2200 2943 vocabant),

117 2954 270 3009 tuac
294 2949 552 3029 primum
585 2949 648 3013 in
673 2950 836 3011 hunc
854 2964 1170 3028 numerum
1196 2948 1381 3030 copiis
1409 2948 1765 3012 distributis·
1808 2966 2065 3029 namque
2092 2966 2201 3009 an-

118 3040 218 3093 tea
273 3034 694 3115 quingenariae
737 3034 1014 3097 cobortes
1063 3034 1123 3097 fu
1131 3042 1327 3109 erant,
1339 3052 1489 3095 nec
1536 3027 1895 3099 fortitudinis
1938 3033 2201 3117 praem-ia

23 3144 46 3183 s
121 3130 458 3197 gesserant.
519 3122 748 3219 Ingens
771 3120 1021 3185 militum
1043 3120 1219 3183 turba
1259 3129 1633 3197 convenerat,
1675 3121 1911 3201 egregio
1948 3118 2199 3183 interfu-
2217 3124 2261 3183 4

23 3229 38 3249 2
121 3208 260 3267 tura
297 3202 630 3281 certamini,
651 3207 816 3271 testis
843 3202 1056 3270 eadem
1090 3205 1375 3287 citiusque
1403 3208 1691 3269 factorum
1718 3216 1777 3273 et
1808 3210 1883 3271 de
1910 3204 2211 3291 iudicibus

23 3333 29 3339 -
120 3286 315 3353 latura
353 3292 732 3354 sententiam.
771 3291 989 3374 quippe
1014 3310 1236 3355 verone
1262 3311 1339 3356 an
1373 3294 1521 3355 falso
1548 3294 1743 3357 bonos
1771 3294 1979 3373 cuique
2016 3265 2211 3349 habe«-

71 3382 322 3453 retur,
355 3377 617 3456 ignorari
645 3396 770 3439 non
814 3384 1066 3457 poterat.
1138 3378 1411 3441 Primus
1416 3379 1677 3441 omnium
1716 3376 1945 3441 virtutis
1992 3390 2203 3435 caussa
2219 3373 2263 3436 ὅ

87 3425 390 3525 donatus
415 3472 507 3531 est
531 3462 832 3533 Atbarrias
860 3462 1080 3536 senior,
1107 3464 1206 3543 qui
1244 3464 1531 3526 omissum
1564 3450 1722 3543 apud
1748 3462 2203 3555 Halicarnasson

129 3562 164 3607 a
201 3548 536 3611 iunioribus
573 3548 863 3632 proelium
898 3563 1056 3613 unus
1089 3548 1343 3613 maxime
1376 3550 1757 3622 accenderat3
1806 3540 2111 3625 proximus
2148 3542 2213 3603 ei
