2417 3900
512 95 655 159 LlB.
698 94 844 157 VIII.
890 92 1046 175 (Vl.)
1092 93 1253 155 GAP.
1298 94 1370 157 X.
1415 90 1708 157 23—36.
1990 106 1998 113 ’
2037 94 2152 155 171

96 232 300 292 magno
328 212 611 277 nobilium
640 214 988 277 feminarum
1014 229 1191 291 grege
1217 212 1410 275 aureis
1432 213 1652 297 pateris
1675 212 1808 273 vina
1835 212 2162 277 libantium.

94 299 219 379 lpsa
252 299 499 378 genibus
542 300 703 377 regis
736 316 921 377 parvo
954 297 1076 357 filio
1113 298 1354 360 admoto
1390 316 1508 359 non
1544 297 1775 361 veniam
1813 300 2011 375 modo,
2051 298 2162 365 sed
2179 308 2266 372 35

95 387 257 450 etiam
284 386 571 465 pristinae
596 388 865 447 fortunae
888 382 1220 463 impetravit
1242 383 1452 445 decus:
1493 384 1710 467 quippe
1742 384 2034 467 appellata
2063 404 2163 447 re-

88 472 215 549 gina
250 478 361 544 est,
406 479 467 532 et
506 470 812 533 credidere
851 466 1119 551 quidam,
1160 469 1296 549 plus
1334 470 1556 531 formae
1598 488 1772 551 quam
1802 468 2167 533 miserationi

88 558 303 619 datum.
333 557 529 618 Puero
550 574 787 636 quoque
809 562 969 617 certe
981 562 1192 634 postea
1211 573 1282 615 ex
1301 572 1370 615 ea
1391 562 1684 635 utcunque
1702 556 1897 637 genito
1914 556 2167 617 Alexan·
2183 560 2271 627 36

84 643 185 705 dro
210 642 321 703 suit
340 660 583 703 nomen.
2157 672 2162 679 .

208 730 374 823 Cap.
403 728 503 789 XI.
546 726 700 788 Hinc
728 724 1095 805 Polypercon
1128 722 1203 783 ad
1241 722 1450 785 urbem
1479 718 1702 785 Noram
1743 742 1872 788 cum
1908 722 2169 787 exercitu

78 814 299 877 missus
348 812 683 887 inconditos
727 810 1059 891 oppidanos
1108 808 1338 890 proelio
1382 807 1548 885 vicit;
1595 808 1750 870 intra
1800 807 2167 872 munimenta
2197 886 2214 893 ἢ

80 899 417 977 compulsos
443 908 725 978 sequutus
750 897 957 959 urbem
985 894 1048 957 in
1075 894 1359 957 ditionem
1388 893 1636 975 redegit.
1679 892 1859 957 Multa
1885 894 2166 974 ignobilia
2186 897 2227 959 2

80 985 301 1063 oppida
332 986 563 1049 deserta
589 1003 621 1059 a
660 982 783 1045 suis
815 1000 1031 1043 venere
1066 981 1125 1041 in
1149 981 1310 1061 regis
1333 989 1712 1063 potestatem.
1778 982 2048 1055 Quorum
2071 982 2169 1043 in-

82 1072 245 1131 colae
264 1071 468 1133 armati
486 1079 715 1152 petram
730 1067 956 1130 Aornin
976 1066 1219 1129 nomine
1239 1077 1694 1147 occupaverunt.
1737 1066 1906 1147 Hanc
1922 1068 1996 1128 ab
2015 1066 2170 1127 Her-

80 1157 208 1223 cule
242 1156 461 1219 frustra
488 1158 799 1217 obsessam
828 1171 979 1225 esse,
1020 1161 1330 1231 terraeque
1365 1162 1528 1213 motu
1565 1160 1826 1213 coactum
1863 1151 2169 1227 absistere,

78 1242 227 1309 fama
271 1242 629 1321 vulgaverat.
698 1240 947 1319 Inopem
989 1234 1217 1297 consilii
1257 1236 1648 1297 Alexandrum
1667 1283 1683 1308 ,
1729 1234 1863 1312 quia
1905 1234 2170 1315 undique
2187 1244 2229 1308 3

75 1345 366 1407 ‚praeceps
393 1337 451 1387 et
476 1327 727 1404 abrupta
752 1342 933 1403 rupes
962 1331 1106 1394 erat,
1132 1321 1333 1381 senior
1371 1320 1608 1400 quidam
1644 1318 1870 1399 peritus
1904 1320 2170 1382 locorum

76 1432 205 1473 cum
230 1412 467 1473 duobus
484 1411 623 1471 filiis
646 1410 785 1482 adit,
812 1408 861 1469 si
884 1404 1139 1487 pretium
1164 1405 1328 1483 operi
1350 1414 1528 1478 esset,
1550 1404 1770 1466 aditum
1791 1424 1854 1465 se
1873 1414 2171 1467 monstra-

74 1506 275 1559 turum
323 1516 458 1559 esse
502 1494 874 1576 promittens
949 1490 1261 1569 Octoginta
1299 1490 1516 1552 talenta
1555 1487 1859 1551 constituit
1898 1490 2230 1560 daturum4

70 1584 427 1657 Alexander,
454 1590 514 1643 et
536 1582 721 1643 altero
748 1597 816 1639 ex
842 1575 1152 1638 iuvenibus
1183 1574 1392 1637 obside
1420 1583 1647 1637 retento
1672 1575 1866 1655 ipsum
1895 1577 1969 1637 ad
1999 1594 2172 1637 exse-

72 1669 339 1747 quenda,
372 1686 525 1748 quae
554 1666 859 1739 obtulerat,
907 1659 1143 1723 dimisit.
1188 1661 1423 1724 Leviter
1457 1660 1694 1723 armatis
1734 1662 1849 1723 dux
1879 1662 2050 1725 datus
2079 1668 2230 1732 esta

72 1754 379 1828 MullinuS,
420 1754 613 1817 scriba
635 1750 811 1831 regis.
874 1748 1000 1810 Hos
1027 1746 1183 1809 enim
1208 1746 1470 1823 circuitu,
1500 1748 1599 1829 qui
1624 1748 1888 1811 fallerent
1911 1749 2168 1823 hostem,

31 1868 37 1879 ·
68 1840 136 1899 in
166 1858 463 1901 summum
485 1840 545 1901 iu
630 1858 689 1900 m
714 1833 981 1919 placebat
1014 1834 1284 1896 evadere.
1349 1836 1524 1896 Petra
1557 1853 1696 1909 non,
1737 1844 1802 1896 ut
1827 1834 2166 1919 pleraeque,
2187 1839 2228 1907 6

72 1924 327 1988 modicis
358 1944 431 1988 ac
462 1945 559 1988 mo
584 1926 739 1989 libus
778 1921 936 1985 clivis
974 1921 1037 1983 in
1074 1920 1324 1984 sublime
1359 1919 1651 2000 fastigium
1685 1920 1915 2001 crescit,
1961 1926 2070 1988 sed
2103 1924 2168 1988 in

72 2025 267 2076 metae
299 2013 551 2076 maxime
588 2013 833 2076 modum
867 2016 1060 2070 erecta
1096 2016 1217 2082 est,
1261 2006 1425 2069 cuius
1461 2009 1575 2068 ima
1622 2007 1972 2090 spatiosiora
2008 2018 2166 2083 sunt,

31 2157 34 2160 .
76 2099 283 2158 altiora
311 2098 375 2158 in
405 2100 621 2160 arctius
652 2102 883 2168 coeunt,
915 2110 1147 2154 summa
1172 2093 1236 2152 in
1269 2101 1507 2152 acutum
1525 2109 1805 2156 cacumen
1825 2103 2169 2178 exsurgunt.

74 2183 331 2244 Radices
352 2182 479 2243 eius
496 2183 679 2244 Indus
700 2179 891 2244 amnis
911 2176 1087 2252 subit,
1112 2175 1406 2260 praealtus
1429 2173 1724 2257 utrimque
1743 2179 1971 2258 asperis
1993 2177 2170 2257 ripis:
2187 2190 2228 2251 7

72 2270 145 2332 ab
190 2269 373 2328 altera
398 2275 567 2346 parte
592 2266 903 2346 voragines
928 2263 1269 2342 eluviesque
1303 2271 1654 2342 praeruptae
1681 2272 1839 2324 sunt.
1906 2263 2030 2322 Nec
2055 2261 2172 2322 alia

76 2353 457 2434 expugnandi
482 2353 722 2434 patebat
751 2351 858 2423 via,
901 2367 1075 2430 quam
1100 2358 1166 2410 ut
1203 2349 1586 2426 replerentur.
1631 2348 1718 2408 Ad
1754 2365 1997 2408 manum
2024 2345 2230 2419 silvas

76 2449 224 2514 erat,
252 2458 429 2518 quam
445 2457 550 2500 rex
567 2438 647 2500 ita
666 2436 831 2498 caedi
856 2433 1043 2508 iussit,
1070 2441 1133 2496 ut
1147 2433 1294 2495 nudi
1317 2433 1546 2514 stipites
1565 2433 1920 2496 iacerentur:
1951 2429 2172 2513 quippe

74 2525 227 2588 rami
254 2526 467 2587 fronde
492 2523 683 2586 vestiti
720 2521 1112 2603 impedissent
1140 2519 1419 2582 ferenteS.
1479 2519 1617 2600 Ipse
1647 2517 1874 2600 primus
1901 2526 2171 2582 mucan:

75 2612 359 2674 arborem
394 2611 548 2686 iecit,
588 2610 923 2689 clamorque
962 2604 1267 2676 exercitus,
1306 2603 1484 2666 index
1516 2603 1842 2680 alacritatis,
1883 2612 2168 2688 sequutus

80 2705 191 2772 est,
218 2698 379 2758 nullo
404 2697 765 2760 detrectante
786 2711 1023 2767 munus,
1054 2692 1215 2770 quod
1241 2710 1342 2752 rex
1369 2698 1732 2771 occupasset.

210 2781 367 2844 Intra
390 2783 709 2863 septimum
736 2779 893 2842 diem
918 2795 1197 2842 cavernas
1224 2777 1624 2859 expleverant3
1652 2795 1842 2856 quum.
1854 2793 1958 2839 rex
1985 2775 2166 2856 sagit-
2185 2780 2224 2842 9

80 2868 262 2928 tarios
291 2877 347 2928 et
368 2869 651 2948 Agrianos
674 2867 837 2930 iubet
863 2883 971 2946 per
994 2863 1177 2925 ardua
1200 2863 1325 2924 niti.
1391 2863 1756 2941 Iuvenesque
1791 2861 2190 2944 promptissi-·

78 2973 217 3014 mos
248 2973 322 3016 ex
352 2973 461 3016 sua
482 2955 726 3016 cohorte
752 2971 871 3016 xxx
896 2947 1133 3062 ἀοΙοέἰι.
1199 2949 1392 3011 Duces
1426 2947 1518 3010 his
1547 2948 1667 3011 dati
1689 2959 1830 3012 sunt
1851 2949 2084 3012 Charus
2107 2955 2166 3008 et
2187 2949 2268 3012 10

79 3040 429 3115 Alexander,
456 3059 627 3120 quem
651 3057 757 3103 rex
774 3037 1047 3112 nominiS,
1075 3033 1235 3115 quod
1259 3033 1374 3098 sibi
1395 3051 1528 3098 eum
1550 3053 1620 3096 eo
1649 3053 1962 3099 commune
1987 3039 2163 3104 esset,

82 3125 409 3187 admonuit.
448 3125 532 3188 Ac
548 3125 758 3206 primo,
779 3123 912 3206 quia
930 3133 1051 3184 tam
1070 3121 1446 3184 manifestum
1465 3118 1786 3202 periculum
1808 3130 1948 3195 erat,
1967 3121 2162 3198 ipsum

78 3228 283 3288 regem
309 3211 623 3274 discrimen
646 3208 845 3272 subire
875 3229 997 3272 non
1020 3207 1270 3290 placuit:
1314 3207 1419 3270 sed
1444 3215 1509 3272 ut
1541 3206 1773 3286 signum
1797 3207 1936 3270 tuba
1960 3205 2160 3297 datum
2183 3199 2261 3262 11

84 3303 195 3370 est,
220 3297 308 3361 vir
327 3297 608 3358 audaciae
626 3303 933 3376 promptae
958 3287 1288 3359 conversus
1301 3291 1377 3354 ad
1401 3293 1668 3374 corporis
1691 3289 1968 3356 custodes
1991 3301 2160 3362 sequi

83 3399 152 3442 se
169 3381 348 3458 iubet,
376 3383 717 3462 primusque
734 3378 952 3462 invadit
972 3379 1033 3440 in
1054 3399 1282 3459 rupem.
1327 3379 1449 3440 Nec
1470 3375 1684 3440 deinde
1707 3375 2014 3454 quisquam
2034 3367 2162 3430 Ma·-

85 3469 384 3530 cedonum
408 3465 683 3539 substitit,
728 3461 1061 3544 relictisque
1088 3461 1439 3528 stationibus
1457 3482 1571 3524 sua
1597 3467 1810 3538 sponte
1835 3472 2032 3532 regem
2060 3471 2160 3514 se-

84 3555 438 3632 quebantur.
496 3552 810 3612 Multorum
834 3549 1181 3610 miserabilis
1208 3548 1318 3630 fuit
1343 3566 1534 3621 casuS,
1579 3559 1728 3622 quos
1750 3558 1822 3638 er
1843 3545 2158 3622 praerupta
2183 3533 2260 3596 12
