2417 3900
858 246 913 297 te
938 237 1036 299 diu
1071 237 1184 298 frui
1204 230 1304 298 tua
1332 234 1594 297 bonitate
1620 252 1744 295 non
1768 224 2035 313 possum.
2079 228 2365 311 Nonage-
2407 254 2408 259 ¹

879 342 1098 385 annum
1119 322 1347 401 agebat.
1384 320 1646 383 Novem
1628 336 1889 391 iuveneS,
1912 334 2124 377 omnes
2151 316 2366 379 eadem

792 418 944 470 trem
971 408 1425 470 comitabantur:
1449 408 1561 469 hos
1584 406 1905 466 Artabazus
1935 403 2181 463 dextrae
2204 405 2365 482 regis

782 503 895 568 tuS,
931 502 1138 556 uttam
1169 488 1267 556 diu
1293 494 1570 565 viverent,
1606 494 1798 553 donec
1830 488 2001 550 utiles
2027 489 2365 551 Alexandro

734 580 941 641 edibus
963 580 1077 641 iter
1095 582 1444 660 plerumque
1464 578 1741 641 faciebat:
1766 584 1906 635 tunc
1927 574 2235 635 admoveri
2256 576 2368 636 sibi

712 684 860 745 quos
884 666 1069 739 iussit,
1098 684 1172 726 ne
1191 666 1321 745 ipso
1344 664 1713 744 ingrediente
1732 662 1982 743 pedibus
2003 678 2192 721 senex
2214 680 2365 740 equo

509 808 518 813 .
623 789 630 795 -
669 762 842 814 ceret.
902 752 980 812 Ut
1016 751 1231 812 deinde
1268 760 1459 812 castra
1488 759 1626 811 sunt
1660 748 1872 845 posita3
1908 746 2189 821 GraecoS,
2220 766 2365 825 quos
2407 764 2408 819 3

271 821 608 901 Artabazus
619 831 975 907 adduxerat,
1002 855 1311 899 convocari
1335 836 1521 897 iubet
1550 842 1610 895 at
1631 833 1732 909 1111
1761 833 1875 895 nisi
1900 833 2051 893 fides
2070 832 2367 894 Lacedae-

288 923 502 984 moniis
542 941 775 1002 quoque
811 932 867 983 et
901 922 1362 1002 Sinopensibus
1369 922 1518 983 fides
1560 920 1816 993 daretur,
1850 917 2238 998 respondent,
2285 938 2366 993 se,

227 1014 270 1075 7
291 1009 432 1089 quid
459 1007 795 1087 agendum
780 1006 924 1103 ipsis
955 1008 1130 1082 foret,
1157 1008 1600 1069 deliberaturos.
1647 1004 1849 1085 Legati
1872 1013 2041 1065 erant
2060 1004 2367 1065 Lacedae-

289 1092 624 1171 moniorum
656 1092 823 1153 missi
857 1095 933 1155 ad
959 1092 1231 1164 Dareum,
1268 1112 1383 1173 quo
1414 1093 1569 1154 victo
1607 1092 2011 1173 applicuerant
2030 1100 2093 1150 'se
2119 1087 2368 1150 Graecis

215 1164 565 1245 Smercede
609 1179 765 1259 apud
809 1178 1022 1241 Persas
1067 1178 1469 1241 militantibus.
1535 1175 1661 1239 Rex
1695 1176 1931 1238 omissis
1974 1172 2370 1255 sponsionum

289 1266 546 1345 fideique
574 1264 918 1345 pignoribus
946 1265 1144 1325 venire
1181 1282 1283 1325 eos
1308 1265 1496 1337 iussit,
1540 1266 1853 1337 fortunam,
1900 1280 2074 1342 quam
2097 1260 2230 1339 ipse
2264 1261 2370 1320 de-

294 1351 496 1425 disset,
524 1351 848 1413 habituros.
912 1350 1020 1412 Diu
1049 1360 1387 1412 cunctantes
1412 1348 1711 1431 plerisque
1740 1309 1983 1409 consilia
2008 1346 2366 1407 variantibus

231 1446 274 1507 9
293 1437 532 1497 tandem
558 1446 836 1497 venturos
861 1456 926 1497 se
944 1436 1313 1516 pollicentur.
1358 1436 1430 1497 At
1454 1436 1833 1496 Democrates
1853 1432 2255 1506 AtheniensiS,
2277 1430 2369 1511 qui

294 1522 545 1585 maxime
571 1522 958 1584 Macedonum
983 1522 1197 1603 opibus
1224 1540 1462 1601 semper
1497 1520 1819 1594 obstiterat,
1856 1519 2022 1580 venia
2057 1518 2367 1597 desperata

297 1607 486 1687 gladio
514 1627 580 1667 se
603 1607 909 1685 transfigit.
955 1608 1166 1683 Ceteri,
1194 1606 1344 1669 sicut
1368 1606 1807 1681 constituerant,
1833 1603 2041 1666 ditioni
2063 1602 2368 1665 Alexandri

197 1694 312 1761 10'
295 1712 462 1773 ipsos
493 1710 558 1753 se
585 1694 950 1773 permittunt.
1008 1692 1165 1753 Mille
1187 1700 1245 1753 et
1268 1712 1306 1755 n
1332 1692 1546 1753 milites
1576 1700 1765 1753 erant:
1809 1698 2046 1772 praeter
2069 1689 2187 1751 hos
2212 1687 2369 1769 legati

297 1778 370 1839 ad
398 1778 651 1838 Dareum
672 1778 839 1838 missi
865 1779 1077 1839 xe.1n
1101 1778 1580 1857 supplementum
1603 1772 1949 1839 distributus
1977 1774 2175 1849 mileS,
2201 1772 2367 1837 ceteri

295 1861 530 1924 remissi
554 1863 793 1923 domum
812 1869 1048 1942 praeter
1059 1862 1579 1937 LacedaemoniOS,
1606 1879 1756 1942 quos
1781 1857 1973 1923 tradi
1954 1880 2017 1921 ιιι
2048 1860 2371 1970 custodiam

297 1949 485 2011 iussit.

169 2039 226 2100 -1
244 2039 277 2100 1
427 2032 764 2093 Mardorum
806 2041 930 2093 erat
960 2049 1104 2110 gens
1133 2031 1381 2094 confinis
1409 2031 1751 2112 Hyrcaniae,
1792 2033 1948 2095 cultu
1982 2033 2139 2097 vitae
2170 2047 2371 2112 aspera

299 2129 356 2181 et
381 2117 700 2180 latrocimis
729 2127 984 2178 assueta.
1039 2117 1198 2178 Haec
1222 2119 1345 2178 sola
1376 2137 1487 2179 nec
1520 2119 1748 2196 legatos
1788 2117 2028 2183 miserat
2062 2135 2182 2180 nec
2220 2117 2371 2178 vide-

273 2206 470 2266 -batur
491 2204 778 2284 imperata
803 2205 1044 2265 factura.
1091 2205 1295 2282 ltaque
1323 2223 1426 2264 rex
1451 2204 1811 2282 ind-ignatus,
1838 2203 1887 2264 si
1914 2221 2034 2265 una
2060 2221 2216 2280 gens
2244 2221 2370 2284 pos-

299 2300 389 2352 set
415 2291 662 2362 efficere‚
702 2309 778 2350 ne
809 2290 1057 2351 invictus
1090 2297 1268 2363 esset,
1299 2289 1733 2370 impedimentis
1774 2309 1907 2352 cum
1946 2289 2251 2368 praesidio
2290 2307 2373 2349 re-

195 2387 280 2449 12
299 2377 448 2438 lictis
486 2376 700 2437 invicta
741 2395 922 2438 manu
964 2375 1277 2436 comitante
1323 2376 1609 2454 procedit.
1660 2375 1865 2436 'Noctu
1900 2375 2011 2436 iter
2049 2373 2294 2447 fecerat,
2332 2383 2376 2434 et

301 2463 489 2541 prima
533 2463 664 2522 luce
703 2462 892 2523 hostis
934 2459 996 2521 in
1037 2470 1361 2540 conspectu
1400 2468 1542 2522 erat.
1609 2461 1921 2523 Tumultus
1970 2458 2160 2538 magis
2207 2477 2376 2538 quam

299 2547 586 2625 proelium
613 2545 738 2608 suit.
783 2545 1086 2611 Deturbati
1113 2565 1184 2607 ex
1207 2546 1473 2620 collibuS,
1499 2565 1647 2626 quos
1667 2553 2119 2627 occupaverant,
2146 2543 2377 2606 barbari

202 2642 282 2702 13
300 2634 716 2710 profugerunt:
754 2631 1120 2712 proximique
1151 2631 1260 2691 vici
1288 2632 1361 2693 ab
1393 2631 1601 2694 incolis
1638 2629 1861 2694 deserti
1898 2630 2245 2711 capiuntur.
2294 2631 2379 2690 In-

301 2717 518 2778 teriora
545 2716 800 2795 regionis
821 2717 948 2778 eius
968 2717 1127 2777 haud
1151 2735 1295 2778 sane
1320 2717 1469 2779 adiri
1496 2718 1625 2778 sine
1644 2737 1857 2798 magna
1874 2717 2191 2778 vexatione
2217 2735 2378 2777 exer·

307 2803 452 2864 citus
474 2811 765 2882 poterant.
819 2803 961 2882 luga
995 2803 1282 2864 montium
1324 2804 1616 2883 praealtae
1650 2805 1829 2867 silvae
1860 2821 2167 2883 rupesque
2196 2803 2380 2863 inviae

306 2888 570 2968 sepiunt3
596 2907 681 2962 ea,
697 2908 846 2969 quae
861 2891 1036 2969 plana
1055 2895 1213 2964 sunt,
1230 2909 1383 2951 novo
1400 2888 1745 2952 munimenti
1759 2907 1975 2970 genere
1986 2889 2382 2968 impedierant

209 2979 288 3041 14
306 2973 558 3036 barbari.
601 2975 856 3040 Arbores
882 2977 1101 3036 densae
1129 2985 1270 3036 sunt
1294 2994 1366 3037 ex
1392 2975 1681 3038 industria
1707 2975 1985 3049 consitae,
2012 2993 2277 3055 quarum
2308 2984 2382 3034 te-

309 3079 486 3121 neros
511 3061 704 3122 adbuc
719 3079 916 3123 ramos
943 3079 1120 3122 manu
1140 3061 1402 3136 flectunt,
1430 3081 1581 3144 quos
1606 3064 1860 3124 intortos
1886 3079 2096 3123 rursus
2124 3061 2383 3122 inferunt

209 3152 288 3213 15
307 3155 529 3208 terrae:
549 3146 688 3207 inde
710 3149 866 3210 velut
887 3165 958 3208 ex
975 3145 1088 3208 alia
1112 3146 1308 3208 radice
1327 3148 1599 3211 laetiores
1622 3151 1812 3210 virent
1838 3147 2047 3210 trunci.
2092 3145 2255 3220 HoS,
2282 3161 2385 3225 qua

309 3241 516 3296 natura
539 3235 670 3308 fert,
697 3234 1036 3296 adolescere
1060 3251 1180 3294 non
1203 3232 1434 3299 sinunt:
1464 3235 1681 3334 quippe
1706 3234 1879 3296 alium
1912 3231 2007 3294 alii
2034 3233 2213 3313 quasi
2240 3248 2385 3293 nexu

311 3329 658 3394 conserunt;
695 3321 794 3399 qui
823 3318 924 3382 ubi
962 3320 1144 3381 multa
1178 3321 1373 3382 fronte
1408 3321 1601 3382 vestiti
1634 3329 1788 3395 sunt,
1834 3319 2113 3400 operiunt
2148 3326 2385 3380 terram.

311 3408 514 3486 ltaque
550 3407 760 3468 occulti
800 3425 985 3469 nexus
1017 3423 1315 3468 ramorum
1352 3408 1511 3469 velut
1544 3407 1736 3488 laquei
1774 3413 2057 3486 perpetua
2094 3422 2251 3484 sepe
2288 3404 2387 3466 iter

215 3485 294 3551 16
315 3495 578 3556 cludunt.
623 3493 750 3556 Una
778 3493 926 3558 ratio
953 3499 1078 3554 erat
1101 3492 1407 3555 caedendo
1436 3493 1665 3574 aperire
1692 3494 1924 3566 saltum,
1952 3491 2059 3553 sed
2084 3489 2210 3554 boc
2242 3507 2387 3569 quo-

315 3597 428 3674 que
465 3581 660 3660 magni
689 3581 907 3663 operis,
951 3579 1154 3642 Crebri
1181 3597 1436 3662 namque
1473 3581 1617 3643 nodi
1656 3581 2009 3642 duraverant
2050 3576 2314 3659 stipites,
2339 3580 2391 3635 et
