2417 3900
241 75 328 140 '74
691 75 790 139 DE
835 71 1101 135 GES'HS
1147 71 1579 134 ALEXANDRI
1623 73 1862 137 MAGNI

240 204 324 272 ut,
353 193 454 274 qui
479 201 674 256 turres
699 194 1096 268 admoverent,
1120 200 1287 254 extra
1312 191 1409 253 teli
1434 190 1649 255 iactum
1674 201 1893 266 essent,
1917 191 2127 253 urbem
2160 193 2330 256 obsi-

181 280 224 343 8
243 284 386 345 dere
417 279 636 358 coepit.
687 280 1016 364 Praerupta
1051 287 1221 341 erant
1253 277 1470 352 omnia,
1488 278 1651 340 saxis
1677 287 1735 340 et
1769 278 1994 340 cotibus
2021 277 2330 360 impedita.

241 366 439 432 Multis
465 383 606 444 ergo
635 365 974 428 vulneribus
997 363 1249 446 depulsi,
1284 374 1349 428 ut
1368 326 1580 444 quibus
1603 384 1725 427 non
1750 383 1880 426 cum
1909 365 2082 426 hoste
2110 367 2329 440 solum,

181 461 221 524 9
242 453 351 518 sed
379 451 555 514 etiam
575 470 710 515 cum
730 452 863 516 loco
883 450 1283 514 dimicandum
1306 460 1486 526 esset,
1514 451 1795 514 subibant
1818 461 2038 526 tamen,
2063 452 2200 531 quia
2226 471 2331 513 rex

237 540 396 604 inter
438 537 666 618 primos
707 538 1066 615 constiterat,
1109 536 1506 616 interrogans,
1551 546 1641 599 tot
1678 537 1913 600 urbium
1951 537 2209 598 victores
2254 557 2332 599 an

239 622 666 688 erubescerent
699 625 948 688 haerere
983 624 1049 687 in
1074 623 1387 686 obsidione
1416 621 1636 686 castelli
1675 624 1868 702 exigui
1902 631 1961 684 et
2000 623 2280 702 ignobilis
2298 622 2331 684 ⁸?

239 711 436 776 Simul
461 711 792 774 admonens
817 711 936 774 iam
959 711 1116 773 inter
1139 712 1289 772 haec
1316 709 1546 772 eminus
1574 711 1913 791 petebatur3
1942 729 2119 789 quem
2143 719 2333 773 testu-

223 799 382 869 ‚dine
406 797 638 859 obiecta
659 797 893 874 militeS,
917 797 1018 878 qui
1049 805 1116 859 ut
1143 796 1287 860 inde
1314 796 1649 860 discederet
1682 796 2013 877 perpellere
2046 797 2331 876 nequive-

238 892 394 957 rant,
422 883 760 964 tuebantur.

141 978 224 1044 10
353 955 622 1032 Tandem
637 970 1080 1050 Tauronsuper
1093 985 1295 1030 arcem
1310 966 1477 1028 urbis
1498 985 1564 1027 se
1588 983 1719 1027 cum
1742 984 1851 1027 suo
1868 965 2107 1044 agmine
2130 975 2332 1028 osten·

244 1057 348 1128 dit,
377 1057 450 1118 ad
483 1055 650 1120 cuius
675 1063 1062 1154 conspectum
1081 1063 1142 1115 et
1173 1053 1434 1116 hostium
1460 1052 1641 1117 animi
1664 1051 1864 1113 labare
1886 1061 1943 1114 et
1968 1051 2331 1114 Macedones

141 1151 221 1214 11
243 1141 436 1206 acrius
464 1139 796 1240 proelium
780 1142 932 1204 inire
955 1148 1302 1221 coeperunt.
1358 1131 1593 1219 Anceps
1620 1139 1954 1218 oppidanos
1985 1139 2207 1200 malum
2233 1159 2331 1200 ur-
2400 1153 2402 1160 ·

239 1229 436 1310 gebat,
463 1247 578 1290 nec
597 1229 726 1292 sisti
751 1228 837 1291 vis
861 1227 1120 1289 hostium
1141 1234 1396 1305 poterat.
1436 1225 1646 1287 Paucis
1673 1225 1749 1286 ad
1772 1224 2173 1300 moriendum,
2200 1225 2333 1304 plu-

241 1315 410 1378 ribus
447 1315 523 1376 ad
558 1316 756 1394 fugam
795 1314 1024 1378 animus
1057 1312 1188 1385 fuit,
1238 1329 1451 1392 magna
1489 1324 1629 1392 pars
1672 1311 1733 1372 in
1775 1329 1972 1373 arcem
2020 1311 2331 1372 concessit.

243 1400 392 1466 Inde
412 1419 524 1463 xxx
553 1401 888 1466 oratoribus
912 1399 1110 1462 missis
1133 1399 1209 1460 ad
1236 1398 1676 1479 deprecandum
1711 1397 1877 1460 triste
1909 1415 2277 1478 responsum
2304 1415 2335 1457 a

144 1489 227 1556 12
243 1505 388 1567 rege
409 1487 700 1562 redditur,
720 1507 844 1550 non
867 1505 999 1548 esse
1021 1485 1227 1547 veniae
1249 1485 1463 1548 locum.
1507 1485 1713 1564 Itaque
1737 1479 2167 1565 suppliciorum
2190 1503 2336 1563 quo-

245 1593 364 1655 que
387 1581 556 1638 metu
580 1574 840 1654 perculsi
855 1574 932 1635 ad
951 1571 1360 1652 Sisygamhim,
1384 1571 1557 1633 Darei
1580 1579 1847 1644 matrem,
1872 1571 2105 1632 occulto
2134 1570 2339 1632 itinere

243 1660 574 1738 ignotoque
604 1659 880 1722 hostibus
905 1658 1161 1734 mittunt,
1189 1657 1291 1736 qui
1314 1666 1605 1737 peterent,
1641 1667 1705 1720 ut
1725 1657 1854 1737 ipsa
1879 1674 2083 1737 regem
2111 1657 2337 1736 mitiga·

243 1752 360 1820 ret,
397 1745 558 1805 haud
597 1744 810 1824 ignari,
843 1743 1108 1824 parentis
1141 1761 1273 1804 eam
1308 1744 1441 1805 loco
1476 1743 1638 1822 diligi
1676 1743 1927 1823 colique.
1970 1743 2047 1804 Et
2073 1741 2335 1806 Madates

247 1829 478 1894 sororis
507 1829 684 1892 filiam
714 1848 920 1893 secum
955 1826 1331 1892 matrimonio
1372 1829 1665 1903 iunxerat,
1702 1831 1958 1892 Dareum
2001 1829 2337 1912 propinqua

147 1923 230 1988 13
249 1915 604 1996 cognatione
654 1915 1023 1995 contingens·
1121 1914 1235 1978 Diu
1270 1913 1634 1995 Sisygambis
1676 1915 2011 1999 supplicum
2058 1917 2338 1999 precibus

246 2003 618 2083 repugnavit,
652 2004 944 2077 abnuens,
983 2000 1461 2083 deprecationem
1501 2022 1613 2083 pro
1653 2003 1767 2065 illis
1810 2003 1979 2080 [non]
2022 2005 2337 2067 convenire

247 2089 589 2165 fortunae,
572 2108 779 2169 usqua
808 2097 996 2151 esset.
1029 2087 1377 2169 adiecitque,
1404 2098 1669 2151 metuere
1696 2110 1849 2163 sese,
1878 2108 1957 2151 ne
1980 2090 2232 2153 victoris
2250 2091 2335 2151 in·

187 2248 196 2253 ¹
251 2174 616 2256 dulgentiam
658 2176 956 2255 fatigaret,
993 2173 1352 2255 saepiusque
1399 2175 1683 2255 cogitare,
1731 2176 2022 2256 captivam
2076 2194 2219 2239 esse
2260 2195 2337 2249 se,

150 2274 232 2341 14
253 2280 430 2343 quam
447 2263 716 2341 reginam
735 2264 939 2325 fuisse.
1025 2261 1117 2323 Ad
1139 2261 1409 2323 ultimum
1432 2263 1579 2324 victa
1605 2262 1813 2324 litteris
1838 2260 2243 2325 Alexandrum
2270 2264 2341 2325 ita
2404 2268 2406 2321 l

252 2350 572 2429 deprecata
606 2358 726 2415 est:
761 2358 828 2412 ut
858 2348 1054 2432 ipsam
1087 2354 1413 2423 excusaret,
1451 2348 1611 2429 quod
1646 2349 2097 2430 deprecaretur3
2143 2358 2341 2431 petere
2404 2378 2406 2429 3

253 2453 342 2508 se,
367 2443 434 2499 ut
461 2436 580 2499 illis
609 2454 866 2516 quoque,
903 2436 956 2498 si
979 2435 1193 2509 minus,
1220 2434 1339 2497 sibi
1360 2434 1732 2515 ignosceret3
1764 2453 1875 2516 pro
1902 2436 2253 2497 necessario
2280 2453 2341 2497 ac

253 2519 594 2601 propinquo
621 2541 752 2595 suo,
785 2522 904 2583 iam
929 2540 1053 2583 non
1074 2522 1267 2595 hoste,
1294 2521 1402 2583 sed
1434 2521 1716 2601 supplice,
1745 2530 1973 2584 tantum
1998 2520 2180 2585 vitam
2208 2540 2343 2603 pre-

81 2636 88 2645 ·
155 2614 237 2679 15
258 2604 396 2669 cari.
485 2606 954 2671 Moderationem
990 2606 1689 2687 clementiamquuegis,
1726 2626 1877 2688 quae
1910 2618 2053 2672 tunc
2088 2608 2223 2683 fuit,
2264 2606 2347 2669 vel

255 2708 378 2753 uua
406 2690 558 2757 haec
583 2710 682 2755 res
721 2693 912 2773 possit
943 2693 1294 2769 ostendere3
1333 2712 1459 2755 non
1491 2694 1709 2755 Madati
1738 2694 1918 2756 modo
1954 2694 2205 2773 ignovit,
2243 2694 2344 2756 sed

261 2792 474 2841 omnes
491 2786 556 2843 et
575 2778 810 2843 deditos
829 2787 890 2841 et
908 2779 1172 2859 captivos
1195 2778 1469 2841 libertate
1490 2782 1665 2860 atque
1690 2781 2059 2843 immunitate
2081 2780 2345 2850 donavit,

257 2863 470 2928 urbem
499 2864 736 2945 reliquit
753 2866 1050 2939 intactam,
1090 2882 1266 2945 agros
1291 2866 1426 2928 sine
1450 2866 1672 2928 tributo
1708 2868 1904 2929 colere
1937 2866 2237 2948 permisit.
2304 2866 2345 2927 A

258 2949 486 3016 victore
507 2950 702 3015 Dareo
727 2952 898 3033 plura
921 2961 1109 3015 mater
1133 2970 1258 3015 non
1282 2954 1678 3033 impetrasset.

160 3044 244 3110 16
392 3035 680 3103 Uxiorum
731 3038 946 3102 deinde
996 3047 1229 3118 gentem
1280 3040 1583 3103 subactam
1632 3038 2020 3101 Susianorum
2069 3046 2349 3119 satrapae

228 3122 612 3191 oo'titribuit.
649 3124 973 3205 divisisque
1004 3143 1141 3187 cum
1181 3126 1573 3189 Parmenione
1600 3125 1785 3205 copiis
1824 3124 1988 3186 illum
2026 3142 2277 3209 campes

193 3238 216 3281 ,·
259 3210 474 3276 itinere
493 3212 824 3292 procedere
845 3211 1084 3287 iuben
1066 3230 1200 3291 ipse
1223 3228 1358 3273 cum
1386 3214 1661 3294 expedite
1686 3211 1918 3291 agmine
1944 3210 2150 3291 iugum
2170 3228 2237 3272 m

260 3296 410 3361 tium
443 3296 623 3377 cepit,
658 3314 910 3377 qnorum
945 3306 1296 3379 perpetuum
1336 3298 1583 3362 dorsum
1624 3300 1685 3359 in
1712 3296 2016 3359 Persidem
2064 3313 2270 3361 excur‘
2279 3291 2361 3367 ‘iit

166 3386 246 3450 17
266 3383 442 3447 Omni
467 3384 584 3447 bac
597 3384 850 3464 regione
869 3392 1095 3447 vastata
1113 3382 1287 3447 tertio
1312 3384 1413 3447 die
1428 3384 1754 3457 PersIdem,
1792 3384 1997 3465 quinto
2020 3402 2219 3463 angus

267 3488 418 3547 quas
452 3470 533 3533 illi
565 3471 816 3535 Susidas
847 3471 1014 3551 pylas
1050 3480 1283 3547 vocant,
1319 3471 1519 3535 intrat.
1590 3471 2018 3535 Ariobarzanes
2058 3470 2170 3531 has

269 3570 386 3625 xxv
419 3557 658 3624 milibus
699 3552 968 3640 peditum
1003 3567 1397 3639 occupaverat
1426 3576 1615 3639 rupes
1648 3557 1945 3619 abscissas
1981 3566 2045 3618 et
2076 3556 2231 3618 und·
2300 3574 2373 3643 ‚qne

2198 3785 2215 3844 l
