2417 3900
494 105 636 167 Lm.
679 106 799 167 Vll.
848 106 976 186 (V.)
1024 104 1182 165 CAP.
1225 105 1351 166 Vll.
1394 102 1693 166 ‘zo-394
1836 171 1853 187 Ι
1956 126 1979 137 r
2006 104 2129 167 139

75 216 354 298 Equorum
393 223 682 286 velocitati
719 242 827 302 par
859 216 1170 283 hominum
1207 222 1540 300 pernicitas,
1607 224 1733 285 Hos
1763 222 2237 302 SpitamEnes33

75 305 266 366 saltum
307 308 614 372 circumire
654 309 854 368 iussos
889 308 1108 386 pariter
1145 315 1203 366 et
1234 326 1268 367 a
1302 308 1578 369 lateribus
1615 317 1675 369 et
1712 327 1747 369 a
1781 310 1977 369 fronte
2008 318 2064 369 et
2098 329 2135 371 a

71 396 222 467 tergo
247 393 403 454 hosti
429 393 709 454 ostendit.
769 393 1154 453 Menedemus
1182 391 1440 471 undique
1465 392 1743 467 inclusuS,
1784 412 1863 455 ne
1885 412 2135 457 numero
2152 392 2238 456 34

71 476 286 555 quidem
316 496 444 558 par,
485 477 586 539 diu
607 486 804 538 tamen
830 477 1066 551 resistit,
1103 476 1432 550 clamitans,
1472 477 1615 538 nihil
1636 479 1789 541 aliud
1818 496 2141 557 superesse

63 560 318 625 locorum
374 563 582 623 fraude
625 562 886 641 deceptis
941 580 1112 641 quam
1166 562 1457 623 honestae
1500 564 1705 624 mortis
1746 564 2021 625 solatium
2066 581 2141 625 ex

59 642 544 709 hostiumcaede.
611 648 809 727 {psum
847 649 1190 728 praevalens
1226 666 1417 727 equus
1444 648 1711 724 vehebat,
1756 668 1873 728 quo
1899 648 2137 729 saepius
2154 644 2239 710 35

54 728 111 793 in
137 751 364 793 cuneos
389 732 772 794 barbarorum
797 734 994 795 effusis
1025 733 1275 794 habenis
1302 742 1538 794 evectus
1572 751 1785 812 magna
1812 744 2008 812 strage
2033 752 2137 797 cos

52 816 307 877 fuderat.
380 819 496 879 Sed
538 838 716 897 quum
753 838 929 881 unum
969 838 1176 880 omnes
1217 826 1503 898 peterent,
1552 819 1751 880 multis
1787 819 2134 883 vulneribus
2150 823 2239 889 36

50 904 370 981 exsanguis
385 902 698 983 Hypsidem
717 907 1009 983 quendam
1032 924 1102 965 ex
1121 904 1323 965 amicis
1340 905 1607 966 hortatus
1625 913 1733 979 est,
1753 905 1895 967 utin
1914 923 2134 985 equum

49 1004 226 1047 suum
263 990 604 1052 ascenderet
635 999 695 1052 et
723 1009 788 1051 se
809 992 945 1069 suga
983 993 1255 1070 eriperet.
1318 990 1478 1051 Haec
1504 998 1776 1070 agentem
1802 990 1997 1053 anima
2023 993 2133 1054 de-

51 1072 184 1133 fecit
225 1092 550 1154 corpusque
586 1095 660 1137 ex
699 1094 850 1155 equo
888 1077 1132 1137 defluxit
1149 1075 1230 1135 ,in
1255 1083 1492 1137 terram.
1564 1077 1859 1156 Hypsicles
1896 1083 2136 1156 poterat
2150 1078 2237 1142 3⁷

51 1158 284 1236 quidem
315 1162 589 1239 effugere,
625 1161 734 1220 sed
759 1162 978 1221 amisso
1007 1160 1193 1219 amico
1221 1161 1374 1221 mori
1400 1160 1620 1221 statuit.
1671 1157 1799 1227 Una
1824 1170 1953 1221 erat
1974 1178 2135 1234 cura,

49 1260 120 1303 ne
143 1244 366 1306 inultus
393 1244 710 1306 occideret.
775 1246 980 1323 ltaque
1007 1244 1259 1304 subditis
1288 1244 1609 1305 calcaribus
1638 1262 1791 1322 equo
1817 1243 1878 1305 in
1904 1244 2137 1307 medios

47 1326 252 1391 hostes
287 1348 353 1391 se
389 1330 632 1409 immisit
665 1338 724 1389 et
759 1328 1123 1389 memorabili
1157 1328 1311 1387 edita
1349 1346 1547 1408 pugna
1584 1328 1833 1390 obrutus
1866 1328 1999 1389 telis
2024 1337 2137 1392 est.

49 1414 222 1486 Quod
259 1416 362 1477 ubi
398 1414 618 1487 videre,
665 1412 764 1491 qui
800 1413 966 1475 caedi
1001 1422 1368 1491 supererant,
1409 1412 1695 1474 tumulum
1727 1412 1923 1493 paullo
1956 1414 2239 1493 quam38

47 1508 238 1561 cetera
268 1497 576 1560 editiorem
604 1497 858 1577 capiunt.
927 1498 1090 1571 Quos
1117 1498 1485 1578 SpitamEnes
1510 1498 1664 1559 fame
1686 1498 1749 1561 in
1774 1497 2135 1561 deditionem

43 1586 402 1646 subacturus
429 1584 682 1645 obsedit.
752 1583 1030 1644 Cecidere
1068 1601 1140 1663 co
1173 1582 1399 1663 proelio
1431 1582 1699 1663 peditum
1724 1602 1771 1645 11
1803 1581 1983 1659 milia,
2026 1603 2135 1647 ccc
2154 1582 2236 1649 3⁹

43 1670 300 1749 equites,
373 1670 562 1741 Quam
601 1669 825 1729 cladem
851 1669 1184 1731 Alexander
1214 1669 1433 1731 sollerti
1463 1668 1707 1731 consilio
1745 1669 1901 1743 texit,
1942 1678 2137 1733 morte

39 1752 408 1815 denunciata
428 1754 542 1827 his,
569 1753 760 1833 quiex
785 1755 1010 1833 proelio
1035 1756 1411 1830 advenerant,
1441 1755 1490 1815 si
1516 1764 1645 1820 acta
1673 1755 2025 1835 vulgassent.

178 1840 341 1919 Cap.
371 1838 513 1900 vm.
563 1840 830 1901 Ceterum
865 1859 1044 1921 quum
1079 1842 1277 1903 animo
1318 1841 1616 1920 disparem
1652 1843 1869 1905 vultum
1910 1842 2132 1906 diutius
2153 1850 2189 1912 1

35 1923 202 1986 ferre
240 1944 360 1986 non
393 1934 616 2006 posset,
657 1926 718 1988 in
743 1927 1184 1990 tabernaculum
1221 1946 1403 2008 super
1427 1928 1617 2008 ripam
1642 1926 1901 1990 fluminis
1934 1927 2010 1991 de
2032 1928 2131 1992 in·-

39 2011 274 2072 dustria
301 2012 556 2073 locatum
579 2013 844 2075 secessit.
861 2014 974 2074 xlbi
999 2014 1126 2074 sine
1149 2013 1384 2075 arbitris
1410 2014 1641 2090 singula
1664 2013 1845 2076 animi
1866 2015 2135 2077 consulta
2151 2019 2193 2081 2

39 2098 358 2176 pensando
381 2106 616 2157 noctem
642 2097 852 2174 vigiliis
877 2098 1141 2171 extraxit,
1178 2116 1357 2176 saepe
1383 2097 1635 2175 pellibus
1658 2098 2026 2160 tabernaculi
2046 2097 2137 2158 al-

39 2181 270 2255 levatiS,
289 2192 355 2244 ut
375 2183 740 2260 conspiceret
760 2181 1017 2243 hostium
1036 2182 1224 2258 igneS‚
1250 2198 1284 2239 e
1303 2179 1515 2258 quibus
1537 2180 1865 2240 coniectare
1885 2187 2136 2259 poterat,

45 2276 269 2345 quanta
295 2266 602 2327 hominum
625 2264 934 2327 multitudo
964 2272 1140 2324 esset.
1181 2265 1423 2341 lamque
1446 2264 1545 2324 lux
1573 2263 1911 2342 apparebat,
1952 2281 2137 2344 quum
2155 2266 2197 2329 3
2282 2303 2286 2308 ·

39 2353 355 2414 thoracem
381 2350 628 2412 indutus
655 2351 925 2430 procedit
947 2350 1021 2410 ad
1047 2348 1279 2420 militeS,
1319 2358 1442 2409 tum
1479 2345 1733 2426 primum
1758 2358 1898 2426 post
1921 2348 2137 2410 vulnus

37 2438 320 2516 proxime
344 2446 668 2515 acceptum.
715 2436 898 2496 Tanta
919 2444 1043 2496 erat
1059 2433 1219 2514 apud
1243 2452 1345 2494 eos
1369 2432 1664 2494 veneratio
1683 2433 1857 2511 regis,
1880 2442 1949 2494 ut
1968 2432 2137 2496 facilc
2154 2438 2202 2498 4

38 2521 316 2602 periculi,
339 2522 498 2601 quod
519 2521 856 2594 horrebant,
881 2520 1295 2598 cogitationem
1316 2518 1647 2598 praesentia
1668 2520 1795 2581 eius
1816 2527 2137 2584 excuteret.

39 2607 214 2668 Laeti
243 2626 386 2686 ergo
411 2617 470 2668 et
494 2606 868 2668 manantibus
891 2624 1031 2685 prae
1055 2605 1269 2682 gaudio
1294 2604 1551 2668 lacrimis
1578 2607 1944 2667 consalutant
1979 2625 2133 2681 eum,
2154 2610 2193 2670 ὅ

41 2701 104 2754 et
129 2693 297 2772 quod
319 2701 456 2754 ante
479 2703 892 2754 recusaverant
913 2692 1148 2764 bellum,
1173 2693 1403 2753 feroces
1431 2691 1781 2772 deposcunt.
1822 2692 1927 2754 Ille
1952 2710 2019 2754 se
2036 2711 2133 2754 ra·
2152 2692 2195 2754 6

41 2777 212 2839 tibus
241 2779 494 2857 equitem
529 2779 1002 2858 phalangemque
1021 2785 1555 2857 transportaturum
1586 2795 1719 2838 esse
1749 2779 2135 2857 pronunciat;
2239 2807 2257 2824 ο

41 2881 237 2942 super
260 2872 422 2925 utres
441 2864 604 2926 iubet
628 2881 771 2924 nare
801 2863 984 2925 levius
1017 2871 1299 2925 armatos·
1367 2863 1537 2924 Plura
1564 2881 1676 2924 nec
1704 2863 1818 2924 dici
1849 2883 1947 2926 res
1973 2865 2133 2926 desi-
2152 2873 2195 2937 7

43 2949 280 3013 deravit
311 2967 424 3010 nec
453 2969 556 3012 rex
592 2950 788 3011 dicere
821 2967 930 3028 per
961 2949 1353 3010 valetudinem
1396 2948 1601 3027 potuit.
1668 2949 1937 3012 Ceterum
1973 2960 2136 3012 tanta

41 3034 352 3096 alacritate
381 3035 628 3097 militnm
658 3044 816 3096 rates
846 3037 1078 3097 iunctae
1105 3042 1263 3107 sunt,
1307 3043 1371 3096 ut
1393 3033 1465 3094 in.
1479 3034 1737 3098 triduum
1766 3037 1839 3096 ad
1864 3057 1951 3100 xn
1975 3035 2135 3098 milia

41 3121 300 3182 effectae
327 3120 462 3192 sint.
506 3121 746 3200 Iamque
777 3121 851 3183 ad
881 3118 1308 3184 transeundum
1330 3119 1525 3181 omnia
1548 3129 1907 3198 aptaverant,
1952 3132 2131 3208 qutun
2151 3121 2193 3182 8

40 3205 232 3286 legati
253 3205 604 3284 Scytharum
624 3226 719 3279 xx,
744 3225 912 3268 more
936 3206 1129 3285 gentis
1148 3211 1259 3287 per
1282 3213 1471 3268 castra
1490 3206 1657 3284 equis
1674 3206 1841 3278 vecti,
1868 3200 2134 3266 nunciam

39 3289 266 3352 iubent
283 3291 424 3371 regi,
451 3292 595 3351 velle
611 3291 776 3369 ipsos
795 3292 869 3353 ad
895 3311 1027 3353 eum
1047 3292 1323 3354 mandata
1346 3293 1633 3371 perferre.
1676 3287 1937 3352 Admissi
1955 3286 2017 3346 in
2041 3290 2132 3342 ta-
2150 3287 2191 3350 9

44 3376 440 3438 bernaculum
467 3376 732 3454 iussique
765 3376 1071 3436 considere
1095 3376 1158 3438 in
1182 3377 1351 3438 vultu
1373 3376 1528 3455 regis
1560 3377 1884 3437 defixerant
1907 3368 2133 3444 oculos,

51 3462 263 3536 credo,
306 3466 437 3542 quis
477 3459 881 3538 magnitudine
917 3462 1182 3540 corporis
1222 3460 1481 3522 animum
1520 3454 1966 3521 aestimantibus
2002 3469 2135 3514 mo-

51 3547 230 3610 dicus
249 3548 501 3621 animus-1,
517 3545 972 3624 haudquaquam
989 3548 1178 3609 lamae
1195 3564 1304 3625 par
1322 3546 1644 3608 videbatur.
1692 3537 1919 3618 Scythis
1940 3545 2135 3600 autem
2158 3534 2238 3596 10
2328 3617 2348 3625 d

2360 3149 2364 3250 i

2358 3278 2362 3326 l

2344 3333 2361 3397 τ
