2417 3900
284 166 422 229 nlo
602 188 619 195 -
718 252 723 257 β
776 164 877 228 DE
922 161 1186 226 esssrls
1231 162 1661 225 ALEXANnm
1703 126 1941 224 mein

278 286 421 351 illos
450 284 839 346 acclamantes
864 284 1053 359 video,
1080 283 1179 364 qui
1209 282 1420 345 abituri
1447 294 1602 358 sunt,
1629 300 1802 363 quam
1827 282 1957 356 boS,
1995 298 2128 343 cum
2159 280 2376 361 quibus

182 368 659 454 17-praemissos
678 370 961 451 subsequi
987 368 1185 432 statui.
1233 368 1388 443 Quid
1413 368 1530 429 hoc
1555 377 1646 430 est
1662 364 1790 429 rei?
1833 366 2065 448 Dispari
2088 367 2151 427 in
2169 384 2378 429 caussa

292 458 451 521 idem
480 456 743 519 omnium
780 457 999 518 clamor
1022 463 1132 518 est.
1187 454 1480 517 Pervelim
1513 454 1685 528 scire,
1719 462 1912 516 utrum
1937 452 2037 533 qui
2067 453 2380 514 discedunt

190 556 370 619 18·an
412 542 514 623 qui
546 542 876 605 retinentur
908 543 985 604 de
1015 560 1113 603 me
1140 549 1482 621 querantur.
1533 538 1822 602 Crederes
1861 558 1980 601 uno
2019 556 2124 599 ore
2168 558 2378 600 omnes

294 629 603 693 sustulisse
624 628 959 704 clamorem,
989 627 1071 690 ita
1094 628 1318 709 pariter
1333 645 1404 688 ex
1432 634 1554 687 tota
1577 624 1860 689 concione
1888 643 2255 704 responsum
2281 634 2380 699 est,

237 738 245 746 ·
294 734 503 779 omnes
531 713 718 795 queri.

190 813 273 875 19
422 800 571 863 Tum
598 800 711 875 ille,
748 796 882 860 Non
899 798 1162 874 hercule,
1196 798 1406 878 inquit,
1442 797 1808 879 potestfieri,
1846 806 1912 859 ut
1941 794 2206 857 adducar
2242 814 2380 875 que-

181 956 197 968 *
292 886 463 947 rendi
486 886 659 947 simul
680 883 952 945 omnihus
977 885 1132 945 hanc
1152 900 1423 945 caussam
1446 902 1596 959 esse,
1623 902 1798 965 quam
1822 880 2153 955 ostenditis,
2178 881 2240 941 in
2275 901 2381 960 qua

290 970 481 1032 maior
511 988 651 1051 pars
692 970 983 1031 exercitus
1016 988 1140 1031 non
1176 978 1296 1043 est,
1347 977 1553 1049 utpote
1589 988 1768 1049 quum
1814 968 2013 1049 plures
2057 966 2380 1027 dimiserim

186 1067 275 1129 20
294 1074 471 1136 quam
496 1062 833 1118 retenturus
864 1072 1017 1116 sum.
1064 1052 1280 1117 Subest
1300 1054 1578 1117 nimirum
1601 1054 1770 1117 altius
1799 1053 2036 1127 malum,
2066 1052 2222 1132 quod
2252 1072 2383 1113 om-

287 1160 399 1204 nes
426 1140 637 1203 avertit
660 1158 701 1203 u
722 1158 836 1202 me.
894 1140 1147 1214 Quando
1174 1140 1332 1201 enim
1356 1155 1558 1221 regem
1587 1140 1896 1203 universus
1923 1138 2176 1201 deseruit
2201 1156 2384 1199 exer-

280 1224 490 1289 ·citus?
542 1226 629 1289 Ne
653 1227 807 1289 servi
843 1226 1081 1306 quidem
1106 1245 1228 1289 uno
1257 1242 1436 1306 grege
1458 1225 1801 1308 profugiunt
1828 1226 2116 1299 dominos,
2147 1222 2256 1283 sed
2283 1233 2386 1285 est

281 1314 533 1392 quidam
566 1313 629 1375 in
666 1312 779 1375 illis
815 1311 1012 1393 pudor
1046 1330 1078 1373 a
1118 1313 1328 1374 ceteris
1367 1312 1677 1376 destitutos
1706 1310 2093 1391 relinquendi.
2153 1308 2383 1371 Verum

186 1408 403 1478 21vego
440 1408 558 1461 tam
598 1400 853 1460 furiosae
888 1396 1378 1460 consternationis
1409 1398 1625 1460 oblitus
1661 1397 1921 1459 remedia
1947 1394 2376 1458 insanabilibus

194 1532 200 1541 .
278 1494 479 1547 'eonor
511 1484 811 1548 adhibere.
870 1483 1121 1545 Omnem
1147 1484 1388 1545 hercule
1419 1502 1604 1565 spem,
1647 1500 1820 1562 quam
1850 1502 1919 1543 ex
1957 1480 2123 1544 vobis
2169 1500 2380 1544 conce-

285 1586 514 1653 peram,
554 1570 790 1645 damno,
830 1587 943 1631 nec
970 1579 1035 1632 ut
1072 1588 1203 1632 cum
1235 1567 1517 1631 militibus
1553 1568 1717 1644 meis,
1749 1566 1866 1630 iam
1905 1568 2061 1631 enim
2099 1587 2249 1629 esse
2286 1569 2380 1629 de-

178 1657 269 1726 22
286 1656 481 1731 sistis,
508 1656 614 1717 sed
640 1666 705 1719 ut
745 1674 876 1717 cum
902 1656 1314 1734 ingratissimis
1354 1654 1552 1737 operis
1579 1673 1752 1734 agere
1779 1653 2030 1716 decrevi.
2085 1654 2397 1725 Secundis¹

283 1742 487 1814 rebus»,
534 1760 683 1820 quae
730 1740 1147 1803 circumfluunt
1180 1760 1303 1814 νος,
1347 1741 1604 1803 insanire
1639 1738 1933 1820 coepistiS‚
1983 1738 2151 1801 obliti
2197 1748 2379 1801 status

287 1828 436 1898 eius,
474 1844 648 1904 quem
685 1825 971 1886 beneficio
1004 1826 1242 1887 exuistis
1267 1846 1423 1900 meo,
1459 1826 1620 1906 digni
1654 1827 1912 1901 hercule,
1949 1824 2137 1907 quiin
2171 1826 2380 1887 eodem

198 1984 206 1993 ¹
239 1977 245 1984 ,
286 1910 749 1984 ,consenescatis
772 1911 1046 1990 quoniam
1074 1909 1298 1973 facilius
1325 1922 1415 1974 est
1435 1914 1606 1975 vobis
1631 1914 1935 1974 adversam
1960 1930 2139 1992 quam
2168 1930 2380 1974 secun-

182 2001 270 2066 23
284 1996 426 2058 dam
467 2013 674 2075 regere
707 1998 1020 2061 fortunam.
1086 1998 1175 2058 En
1211 1997 1483 2061 tandem!
1553 1997 1875 2079 Illyriorum
1909 1997 2108 2080 paullo
2151 2007 2304 2060 ante
2341 2007 2382 2058 et

286 2081 602 2144 Persarum
639 2081 961 2144 tributariis
992 2083 1129 2145 Asia
1174 2091 1235 2144 et
1277 2091 1367 2146 tot
1413 2083 1670 2163 gentium
1712 2083 1895 2165 spolia
1937 2082 2176 2145 fastidio
2227 2093 2395 2146 sunt}

280 2167 467 2230 Modo
512 2167 629 2230 sub
676 2167 949 2248 Philippo
998 2168 1322 2230 seminudis
1384 2171 1628 2232 amicula
1685 2187 1754 2231 ex
1799 2187 2060 2251 purpura
2114 2171 2382 2242 sordent,

288 2273 496 2318 aurum
528 2265 587 2318 et
620 2262 925 2335 argentum
958 2254 1111 2317 oculi
1138 2256 1293 2316 ferre
1326 2273 1448 2320 nou
1484 2264 1770 2337 possunt:
1811 2257 2003 2336 lignea
2039 2253 2203 2317 enim
2247 2273 2384 2316 vasa

180 2345 267 2406 24
283 2341 628 2403 desiderant
664 2352 721 2402 et
760 2359 830 2401 ex
869 2341 1125 2402 cratibus
1153 2349 1315 2402 scuta
1359 2341 1803 2422 rubiginemque
1846 2341 2199 2421 gladiorum.
2259 2342 2384 2403 Hoc

287 2429 445 2489 cultu
466 2427 722 2488 nitentes
749 2444 855 2488 vos
875 2427 1093 2507 accepi,
1126 2439 1183 2488 et
1210 2426 1530 2506 quingenta
1555 2428 1770 2488 talenta
1794 2429 1944 2488 aeris
1973 2426 2173 2503 alieni,
2197 2445 2382 2507 quum

284 2512 678 2592 omnis'regia
712 2513 973 2593 supellex
1004 2513 1161 2575 haud
1184 2512 1434 2593 amplius
1467 2531 1639 2600 quam
1679 2513 1981 2592 sexaginta
2017 2515 2393 2576 talentorum

282 2607 468 2671 esset,
502 2617 769 2660 meorum
802 2617 1049 2677 operum
1081 2597 1480 2660 fundamenta.
1537 2599 1766 2672 Quibus
1787 2607 1984 2662 tamen
2015 2597 2208 2680 (absit
2239 2593 2393 2661 invi-l

182 2681 265 2742 25
288 2683 409 2755 dia)
436 2683 744 2762 imperium
770 2685 1058 2746 maximae
1092 2692 1380 2746 terrarum
1411 2684 1596 2766 partis
1617 2683 1894 2766 imposui.
1948 2684 2209 2747 Asiaene
2249 2705 2386 2768 per-

286 2777 514 2829 taesum
542 2778 649 2841 est,
676 2787 825 2849 quae
848 2789 955 2832 vos
978 2770 1160 2851 gloria
1184 2787 1383 2833 rerum
1409 2777 1707 2852 gestarum
1735 2771 1846 2833 diis
1874 2789 2050 2852 pares
2079 2769 2276 2833 fecit?
2319 2771 2382 2832 In

264 2853 580 2935 ,Europam
612 2856 700 2917 ire
738 2856 1065 2936 properatis
1098 2873 1241 2936 rege
1279 2857 1541 2932 deserto,
1590 2876 1770 2938 quum
1803 2857 2074 2938 pluribus
2109 2861 2391 2919 vestrum

286 2939 621 3000 defuturum
656 2941 927 3004 viaticum
961 2942 1163 3017 fuerit,
1208 2941 1272 3004 ni
1315 2960 1416 3005 aes
1452 2943 1706 3006 alienum
1736 2943 2012 3019 inissem,
2057 2963 2292 3025 nempe
2327 2943 2376 3003 in

180 3024 266 3092 26
288 3025 538 3088 Asiatica
556 3027 799 3105 praeda.
844 3028 967 3089 Nec
983 3028 1167 3109 pudet
1184 3029 1484 3108 profundo
1502 3037 1708 3092 ventre
1731 3029 2096 3092 devictarum
2121 3031 2372 3111 gentium

285 3111 475 3191 spolia
502 3111 979 3176 circumferentes
1010 3113 1224 3176 reverti
1255 3115 1404 3181 velle
1430 3111 1506 3177 ad
1530 3115 1749 3178 liberos
1787 3115 2226 3197 coniugesque,
2261 3113 2368 3198 qm'·

284 3197 394 3259 bus
422 3197 592 3278 pauci
618 3200 875 3278 praemia
893 3200 1167 3262 victoriae
1191 3201 1438 3279 potestis
1463 3199 1800 3264 ostendere.
1845 3199 1995 3264 Nam
2021 3211 2366 3272 ceterorum,

213 3333 227 3352 ,
286 3284 424 3346 dum
450 3284 623 3346 etiam
652 3285 780 3364 spei
810 3294 1037 3348 vestrae
1062 3286 1294 3347 obviam
1315 3285 1462 3363 istis,
1492 3305 1653 3350 arma
1682 3306 1920 3368 quoque
1947 3288 2204 3368 pignori
2233 3293 2389 3360 sunt„

180 3368 265 3429 27
284 3367 469 3432 Bonis
494 3391 632 3433 vero
652 3369 929 3434 militibus
958 3371 1245 3434 cariturus
1269 3391 1419 3448 sum,
1453 3374 1723 3455 pellicum
1736 3393 1984 3438 suarum
2005 3361 2389 3446 concubinis*

287 3455 495 3532 quibus
518 3458 636 3520 hoc
652 3457 843 3520 solum
872 3473 941 3518 ex
962 3459 1140 3520 tantis
1168 3458 1380 3539 opibus
1406 3469 1696 3543 superest,
1720 3461 1782 3524 in
1801 3460 1961 3541 quod
1983 3458 2376 3544 impenditur.

287 3539 539 3603 Proinde
555 3543 914 3622 fugientibus
942 3561 1037 3606 me
1054 3554 1292 3625 pateant
1315 3546 1556 3608 limites:
1577 3547 1846 3609 facessite
1863 3542 2010 3610 hinc
2032 3549 2242 3617 ocius:
2267 3563 2378 3626 ego

285 3641 418 3685 eum
448 3628 645 3691 Persis
672 3629 1011 3693 abeuntium
1038 3639 1202 3712 terga
1235 3634 1486 3695 tutabor.
1542 3631 1848 3696 Neminem
1875 3641 2088 3696 teneo:
2129 3635 2387 3704 liberate}
