2417 3900
509 144 646 205 un.
689 144 757 205 v.
803 145 960 225 (ιιι.)
1029 120 1190 209 ω).
1234 149 1337 209 ιιι.
1404 144 1687 209 8--23μ
2022 105 2125 207 ιε’

61 266 416 336 praeruptaS,
460 258 522 319 in
567 278 813 337 quarum
853 262 1251 325 cacuminibus
1290 276 1451 327 extra
1492 266 1589 327 teli
1622 266 1835 329 iactum
1872 265 2111 329 barbari

60 338 304 415 stabant,
343 344 416 403 de
439 343 730 405 industria
763 345 946 421 quieti
982 355 1042 405 et
1065 345 1411 423 paventibus
1435 351 1673 425 simile8‚
1708 352 1903 412 donec
1927 351 1989 409 in
2012 368 2110 411 ar-

58 428 302 489 tissimas
329 429 528 492 fauces
548 436 890 507 penetraret
907 446 1142 507 agmen.
1187 434 1361 505 Quod
1383 435 1483 495 ubi
1502 443 1843 515 contemptu
1866 434 1958 494 sui
1976 452 2112 512 per·
2132 430 2214 493 18

55 530 194 589 gere
223 513 444 585 vident,
473 522 599 573 tum
629 530 767 573 vero
791 512 1046 592 ingentis
1074 518 1494 595 magnitudinis
1533 538 1665 581 saxa
1692 538 1803 601 per
1828 519 2116 580 montium

51 614 242 675 prona
269 598 607 669 devolvunt,
629 615 780 679 quae
803 598 1037 661 incussa
1055 602 1295 683 saepius
1318 600 1755 666 subiacentibus
1781 603 1965 685 petris
1987 620 2115 664 ma-

45 682 175 743 iore
200 682 258 743 vi
281 681 642 755 incidebant,
665 700 778 745 nec
807 684 1068 763 singulos
1091 689 1295 762 modo,
1322 689 1431 749 sed
1460 689 1693 766 agmina
1712 688 2115 768 proterebant.

46 765 278 827 Fundis
304 784 536 845 quoque
559 767 788 832 excussi
807 769 1032 848 lapides
1053 781 1110 832 et
1129 774 1377 852 sagittae
1392 773 1659 853 undique
1678 773 2112 852 ingerebantur.
2135 778 2217 841 19

41 850 102 913 N
107 851 265 913 ecjd
295 851 682 915 miserrimum
708 854 954 917 fortibus
980 857 1114 917 viris
1141 867 1285 931 erat,
1314 858 1421 921 scd
1450 860 1609 938 quod
1634 859 1819 933 inulti,
1846 859 2001 938 quod
2026 859 2113 919 fe·

37 952 252 1003 rarum
281 938 396 999 ritu
431 942 578 999 velut
599 937 663 999 in
691 940 859 1001 fovea
893 940 1247 1021 deprehensi
1272 945 1675 1005 caederentur.
1728 944 1821 1005 Ira
1846 943 2023 1023 igitur
2049 944 2113 1005 in
2131 948 2217 1011 20

44 1020 280 1082 rabiem
313 1026 474 1088 verse
501 1022 816 1086 eminentia
855 1044 992 1089 saxa
1022 1029 1327 1108 complexi,
1364 1039 1431 1090 ut
1463 1030 1537 1091 ad
1571 1029 1805 1091 hostem
1838 1029 2115 1107 perveni-

45 1114 202 1179 rent,
236 1106 382 1169 alius
412 1108 586 1169 alium
618 1109 877 1172 levantes
914 1113 1279 1197 conabantur
1312 1116 1651 1175 ascendere:
1696 1116 1779 1175 Ea
1804 1114 1935 1191 ipsa
1962 1114 2115 1173 mul-

46 1202 243 1251 torum
270 1192 444 1254 simul
472 1193 742 1255 manibus
777 1207 1045 1277 correpta
1072 1206 1128 1257 et
1155 1201 1432 1259 convulsa
1472 1200 1533 1259 in
1564 1216 1687 1270 coe,
1728 1198 1826 1277 qui
1854 1213 2117 1256 commo-

45 1284 270 1349 verant,
300 1277 664 1339 recidebant.
707 1280 832 1339 Nec
855 1288 1010 1341 stare
1037 1300 1175 1359 ergo
1206 1292 1483 1361 poterant
1514 1300 1627 1343 nec
1653 1282 1759 1341 niti
1788 1298 1899 1341 nec
1930 1288 2118 1341 testu·
2134 1280 2217 1343 21

45 1362 190 1423 dine
233 1362 466 1440 quidem
513 1362 772 1441 protegi,
824 1382 1004 1440 quum
1051 1374 1246 1425 tantae
1286 1366 1457 1426 molis
1502 1382 1681 1426 onera
1723 1364 2120 1444 propellerent

41 1446 308 1509 barbari.
361 1448 584 1524 Regem
624 1464 746 1507 non
781 1447 952 1508 dolor
986 1450 1184 1522 modo,
1228 1451 1331 1509 sed
1369 1450 1540 1509 etiam
1574 1451 1769 1528 pudor
1804 1457 2025 1509 temere
2054 1449 2119 1509 in

41 1532 176 1593 illas
211 1531 518 1610 angustias
547 1530 714 1592 eiecti
749 1533 1042 1593 exercitus
1073 1534 1343 1611 angebat.
1404 1533 1659 1596 Invictus
1694 1534 1768 1596 ad
1800 1550 1933 1594 eam
1964 1533 2120 1593 diem
2138 1532 2219 1598 22

41 1618 256 1691 fuerat,
295 1616 444 1679 nihil
478 1617 696 1679 frustra
729 1634 940 1692 ausus3
985 1618 1229 1698 impune
1268 1618 1498 1679 Ciliciae
1541 1621 1733 1681 fauces
1772 1618 2121 1690 intraverat}

39 1703 200 1763 mari
225 1720 464 1780 quoque
493 1718 708 1763 novum
729 1702 792 1763 in
813 1703 1213 1783 Pamphyliam
1240 1706 1351 1765 iter
1382 1713 1723 1783 aperuerat:
1758 1714 1897 1766 tunc
1923 1702 2119 1765 haesi-

39 1788 215 1849 tabat
251 1786 621 1865 deprehensa
657 1787 918 1862 felicitas,
951 1808 1066 1851 nec
1095 1790 1251 1851 aliud
1278 1788 1601 1853 remedium
1635 1800 1775 1864 erat,
1811 1808 1985 1871 quam
2024 1808 2121 1850 re-

43 1872 198 1933 verti
225 1890 340 1951 qna
368 1884 620 1935 venerat.
677 1872 880 1954 ltaque
913 1875 1084 1955 signo
1113 1877 1373 1956 receptui
1408 1876 1563 1951 dato,
1604 1875 1865 1938 densatis
1894 1874 2118 1937 ordini·
2137 1880 2221 1942 23

43 1959 160 2020 bus
195 1958 492 2038 scutisque
519 1977 700 2038 super
726 1961 1247 2040 capita‘consertiS‚
1274 1971 1433 2024 retro
1462 1963 1709 2024 evadere
1734 1981 1807 2025 ex
1831 1961 2118 2042 angustiis

43 2043 234 2106 iubet.
287 2043 546 2122 Triginta
573 2047 734 2106 fuere
756 2045 959 2120 stadia,
991 2065 1141 2126 quae
1165 2049 1420 2108 remensi
1446 2058 1604 2109 sunt.

181 2129 346 2207 Cap.
370 2129 464 2188 lv.
510 2131 659 2190 Tum
685 2131 892 2190 castris
913 2132 1170 2210 undique
1197 2141 1403 2210 aperto
1429 2132 1560 2192 loco
1586 2130 1795 2208 positis
1822 2147 1945 2188 non
1974 2145 2119 2186 con·
2140 2132 2177 2192 1

43 2213 276 2274 sultare
302 2213 502 2286 modo,
544 2214 682 2289 quid
708 2215 1001 2290 agendum
1027 2224 1204 2287 esset,
1243 2217 1349 2275 sed
1387 2225 1547 2274 vates
1574 2229 1811 2292 quoque
1840 2210 2123 2270 adhibere
2196 2280 2205 2298 x

47 2297 254 2376 coepit
283 2315 318 2356 a
343 2296 762 2374 superstitione
789 2297 984 2358 animi.
1027 2299 1148 2358 Sed·
1175 2299 1313 2376 quid
1344 2309 1468 2359 tum
1496 2298 1837 2376 praedicere
1856 2294 2122 2354 Alistan-
2139 2295 2181 2356 2

47 2384 178 2456 der,
219 2381 318 2444 eui
349 2381 661 2460 plurimum
695 2381 972 2443 credebat
1003 2401 1073 2442 ex
1098 2381 1345 2452 vatibus,
1384 2379 1659 2460 poterat?
1721 2380 1925 2456 Itaque
1952 2378 2128 2438 dam-

45 2468 210 2530 natis
243 2465 670 2546 intempestivis
703 2465 998 2528 sacrificiis
1035 2467 1257 2545 peritos
1292 2465 1559 2528 locorum
1598 2462 1905 2526 convocari
1941 2460 2119 2524 iubet.

47 2553 170 2614 Per
194 2551 448 2614 Mediam
473 2551 588 2612 iter
613 2551 1004 2614 ostendebant
1030 2561 1220 2612 tutum
1244 2561 1657 2631 apertumque:
1686 2550 1793 2611 sed
1815 2566 1921 2610 rex
1946 2549 2123 2610 dese·-
2139 2561 2181 2624 3
2210 2593 2226 2604 ι

47 2655 192 2700 rere
215 2636 428 2700 milites
459 2637 784 2717 insepultos
815 2637 1216 2710 erubescebat,
1251 2637 1331 2698 ita
1354 2637 1569 2699 tradito
1598 2653 1779 2704 more,
1812 2643 1877 2696 ut
1899 2634 1997 2695 vix
2028 2634 2124 2696 ul-

51 2725 183 2784 lum
219 2721 456 2787 militiae
482 2731 602 2784 tam
640 2723 928 2784 sollemne
965 2732 1126 2784 esset
1149 2741 1383 2796 niumm,
1426 2741 1598 2803 quam
1635 2719 1917 2784 humandi
1954 2737 2121 2781 suos.

51 2807 334 2887 Captivos
373 2825 530 2885 ergo,
567 2827 718 2886 quos
755 2825 948 2889 nuper
981 2817 1307 2886 exceperat,
1339 2809 1533 2869 vocari
1568 2808 1747 2880 iubet,
1782 2807 1935 2868 inter
1967 2820 2119 2884 quos
2142 2817 2183 2878 4
2291 2824 2313 2840 “

55 2901 190 2954 erat
221 2893 456 2970 quidem
495 2893 749 2956 Graecae
786 2894 1178 2984 Persicaeque
1211 2895 1443 2972 linguae
1480 2894 1701 2973 peritus
1716 2938 1731 2962 ‚
1774 2892 1869 2971 qui
1909 2892 2123 2953 frustra

55 2997 200 3040 eum
224 2978 286 3040 in
311 2979 608 3042 Persidem
631 2979 914 3042 montium
938 2980 1118 3041 dorso
1143 2979 1467 3040 exercitum
1490 2980 1705 3044 ducere
1728 2978 1991 3051 affirmat,
2022 2978 2125 3038 sil-

55 3073 292 3128 vesti-es
317 3081 448 3127 esse
471 3066 666 3138 ealles,
687 3066 780 3128 vix
803 3065 1052 3144 singulis
1067 3064 1323 3143 pervios,
1348 3064 1543 3124 omnia
1562 3061 1793 3145 contegi
1810 3063 2120 3128 frondibus

53 3149 473 3229 implexasque
493 3150 770 3212 arborum
789 3169 990 3230 ramos
1011 3149 1190 3210 silvas
1211 3149 1595 3211 committere.
1638 3149 1905 3226 Namque
1924 3146 2123 3210 Persis
2143 3154 2183 3210 5

55 3236 136 3296 ab
161 3235 350 3296 altem
372 3235 552 3297 latere
574 3236 878 3314 perpetuis
903 3235 1192 3298 mentium
1211 3235 1363 3315 iugis
1386 3235 1691 3308 clauditur,
1718 3234 1876 3312 quod
1904 3232 1966 3292 in
1992 3233 2125 3290 lon-

61 3319 394 3399 gitudinem
421 3337 562 3392 uec,
580 3320 656 3381 -in
681 3320 1042 3382 latitudinem
1069 3339 1226 3382 ccxx
1252 3319 1439 3382 stadia
1475 3319 1789 3398 procurrit.
1832 3317 1961 3376 Hoc
1984 3315 2127 3372 dor-

63 3423 202 3466 sum
230 3422 263 3463 a
287 3404 544 3466 Caucaso
569 3413 772 3465 monte
799 3405 874 3464 ad
901 3405 1146 3466 rubrum
1170 3423 1333 3466 mare
1354 3404 1641 3484 pertinetg
1676 3415 1907 3480 quaque
1932 3395 2129 3488 deficit

65 3509 270 3563 mons,
285 3491 440 3552 alind
463 3488 911 3561 munimentum,
927 3489 1158 3562 fictum,
1175 3488 1469 3549 obiectum
1485 3496 1599 3548 est.
1624 3481 1897 3546 Planities
1917 3477 2127 3573 demde
2144 3483 2189 3542 6

63 3579 186 3642 snb
211 3576 512 3640 radicibus
533 3573 822 3638 montium
845 3572 1104 3652 spatiosa
1117 3573 1467 3650 procumbit,
1494 3568 1699 3630 fertilis
1720 3573 1879 3622 terra
1901 3559 2129 3620 mulm—
