2417 3900
269 114 395 175 164
456 110 464 127 '
730 112 828 175 DE
874 112 1133 173 GESTIS
1176 112 1606 175 ALEXANDRI
1647 114 1887 177 MAGNI

269 236 382 299 hus
412 242 511 295 aut
528 232 864 295 insontibus
886 233 1254 293 moriendum
1279 241 1386 303 est,
1427 241 1544 305 aut,
1591 234 1746 311 quod
1769 233 1995 297 tristius
2016 243 2206 297 morte
2223 244 2325 311 est,

171 321 249 384 15
268 322 331 383 in
356 320 633 382 servitute
654 315 1007 379 vivendum?
1032 318 1141 389 ‚Tu
1164 318 1419 396 quidem,
1456 318 1514 378 'si
1539 319 1840 379 emendari
1859 328 2051 399 potes,
2091 323 2326 384 multum

266 406 409 469 mihi
444 405 645 467 debeS.
713 405 799 465 Ex
824 422 917 463 me
946 404 1099 463 enim
1128 404 1278 463 scire
1311 402 1573 481 coepisti,
1619 405 1757 483 quid
1791 404 2034 483 ingenui
2069 405 2325 470 homines

266 494 423 554 ferre
447 510 567 554 non
593 490 843 570 possint.
906 490 998 551 De.
1015 499 1209 549 cetero
1236 506 1431 567 parce,
1467 508 1720 567 quorum
1747 491 1948 551 orbam
1975 502 2325 566 senectutem

263 575 569 657 suppliciis
596 594 673 636 ne
704 575 1067 635 oneraveris:
1117 593 1228 635 nos
1251 574 1388 634 iube
1415 574 1566 649 duci,
1611 583 1696 649 ut,
1739 577 1896 655 quod
1923 594 1998 637 ex
2025 587 2126 637 tua
2151 589 2326 640 morte

162 710 167 727 ,
262 663 637 743 petieramuS‚
669 678 1099 737 consequamur
1124 678 1193 719 ex
1221 668 1440 720 nostra.
1467 666 1472 679 '
1875 733 1882 741 ι

160 728 169 825 f
207 751 244 813 1
394 748 557 826 Cap.
587 745 731 807 Vlll.
779 746 937 806 Haec
954 746 1317 805 Hermolaus.
1361 746 1435 804 At
1451 759 1571 816 rex,
1595 745 1780 817 Quam
1805 745 1949 805 falsa
1971 745 2110 818 sint,
2131 745 2323 826 inquit,

203 835 246 895 2
265 850 415 911 quae
426 832 538 893 iste
555 832 762 893 tradita
780 850 813 891 a
832 830 1111 907 magistro
1130 849 1239 890 suo
1255 829 1412 901 dixit,
1432 829 1708 909 patientia
1724 848 1854 889 mea
1871 831 2150 905 ostendit,
2185 832 2324 895 Con-

162 986 165 991 ,
264 918 484 979 fessum
510 917 663 977 enim
693 916 957 977 ultimum
987 911 1231 986 facihuS,
1263 924 1458 975 tamen
1488 934 1608 975 non
1633 916 1824 975 solum
1851 916 2086 991 [audivt
2119 920 2226 979 sed
2252 920 2322 996 ut]

84 986 89 1001 ⁴
149 1032 168 1072 s
262 1000 379 1083 ipsi
400 1002 697 1077 audiretis,
726 1000 1011 1081 expressi,
1041 1018 1163 1062 non
1186 1000 1554 1079 imprudens,
1581 1018 1761 1079 quum
1779 1000 2182 1080 permisissem
2201 1004 2325 1065 huic

162 1130 167 1149 ;
262 1086 477 1149 latroni
517 1086 731 1161 dicere,
780 1105 1023 1147 usurum
1064 1104 1199 1147 eum
1225 1086 1405 1159 rabie,
1453 1104 1567 1163 qua
1596 1086 1936 1166 compulsus
1969 1095 2080 1161 est,
2125 1097 2185 1149 ut
2213 1108 2324 1163 me,

201 1178 244 1241 3
263 1191 440 1253 quem
469 1172 727 1252 parentis
749 1172 880 1233 loco
906 1172 1099 1232 colere
1122 1173 1380 1244 deberet,
1410 1172 1578 1231 vellet
1598 1171 1888 1233 occidere.
1933 1172 2128 1252 Nuper
2139 1184 2322 1251 'quum

262 1257 571 1339 procacius
597 1277 661 1318 se
682 1258 746 1318 in
768 1258 1079 1319 venatione
1104 1257 1400 1335 gessisset,
1441 1274 1606 1318 more
1635 1256 1824 1336 patrio
1861 1267 1918 1317 et
1947 1258 2024 1318 ab
2053 1258 2319 1337 antiquis-

158 1356 163 1387 ἑ
261 1343 425 1405 simis
452 1342 829 1404 Macedoniae
861 1362 1065 1420 regum
1097 1352 1378 1421 usurpato
1410 1342 1677 1421 castigari
1717 1359 1850 1403 eum
1885 1342 2052 1403 iussi.
2125 1344 2248 1404 Hoc
2273 1352 2326 1405 et

260 1434 495 1509 oportet
519 1430 663 1502 fieri,
716 1438 790 1502 et,
838 1437 901 1489 ut
928 1446 959 1487 a
983 1428 1271 1489 tutoribus
1299 1427 1522 1508 pupilli,
1569 1445 1602 1486 a
1626 1427 1849 1489 maritis
1876 1446 2107 1501 uxores,
2151 1430 2320 1490 servis

200 1520 495 1595 4quoque
530 1533 747 1593 pueros
783 1514 959 1575 huius
994 1514 1195 1575 aetatis
1241 1513 1550 1574 verberare
1583 1512 1982 1574 concedimus·
2049 1512 2212 1576 Haec
2247 1524 2322 1576 est

261 1599 504 1661 saevitia
530 1600 593 1662 in
616 1599 811 1679 ipsum
840 1617 987 1672 mea,
1018 1618 1191 1679 quam
1220 1598 1398 1678 impia
1427 1598 1608 1660 caede
1638 1598 1815 1659 voluit
1839 1599 2058 1660 ulcisci.
2104 1600 2250 1661 Nam
2271 1602 2322 1661 in

262 1692 511 1759 ceteroS,
558 1685 656 1763 qui
680 1684 823 1744 mihi
850 1685 1192 1762 permittunt
1230 1684 1312 1745 uti
1347 1683 1582 1763 ingenio
1609 1686 1764 1757 meo,
1813 1702 1988 1762 quam
2019 1684 2182 1746 mitis
2207 1687 2320 1761 sim,

201 1773 243 1833 5
262 1786 381 1831 non
424 1768 725 1846 ignoratis,
774 1777 833 1829 et
870 1786 1329 1835 commemorare
1371 1787 1798 1848 supervacuum
1842 1778 1952 1831 est.
2015 1769 2319 1833 Hermolao

259 1851 681 1933 parricidarum
702 1852 989 1932 supplicia
1015 1872 1133 1914 non
1160 1854 1417 1933 probari,
1445 1873 1624 1933 quum
1653 1855 1858 1917 eadem
1879 1856 2010 1935 ipse
2031 1857 2319 1929 meruerit,
2394 1914 2395 1931 ,

257 1936 501 2000 minime
524 1937 759 2011 hercule
786 1937 1060 2000 admiror.
1115 1938 1262 1999 Nam
1289 1958 1465 2018 quum
1491 1939 1938 2004 Parmenionem
1963 1950 2025 2003 et
2045 1940 2322 2006 Philotam
2388 1932 2396 1985 f

198 2020 473 2097 filaudat,
504 2041 645 2084 suae
670 2023 849 2087 servit
878 2041 1139 2086 caussae.
1183 2025 1511 2104 Lyncesten
1539 2043 1674 2086 vero
1701 2027 2096 2089 Alexandrum
2123 2029 2219 2091 bis
2243 2030 2323 2090 in·
2389 1987 2400 2111 Ι

155 2187 160 2194 .
262 2106 533 2170 sidiatum
556 2107 726 2189 capiti
750 2127 881 2170 meo
908 2128 939 2169 a
966 2109 1199 2174 duobus
1225 2109 1452 2171 iudiciis
1468 2110 1725 2184 liberavi,
1748 2131 1982 2175 rursum
2001 2115 2324 2176 convictum
2389 2116 2404 2191 l

256 2211 367 2274 per
392 2195 693 2256 biennium
717 2202 913 2256 tamen
944 2195 1173 2269 distuli3
1221 2195 1412 2256 donec
1436 2215 1542 2256 vos
1567 2197 1958 2276 postularetis,
1999 2206 2064 2260 ut
2094 2201 2324 2278 tandem
2398 2196 2404 2205 '

196 2279 453 2344 7debito
490 2280 777 2362 supplicio
814 2282 1007 2342 scelus
1046 2282 1253 2345 lueret.
1320 2282 1589 2354 Attalum,
1631 2290 1944 2362 antequam
1977 2301 2084 2345 rex
2123 2303 2320 2356 essem,

252 2364 485 2428 hostem
514 2385 649 2428 meo
679 2366 852 2447 capiti
878 2366 1061 2429 fuisse
1086 2365 1456 2428 meministis.
1501 2367 1680 2430 Clitus
1708 2368 1928 2430 utinam
1953 2387 2074 2431 non
2109 2365 2326 2448 coegis-

254 2459 349 2512 set
390 2470 485 2512 me
521 2452 633 2513 sibi
668 2451 866 2514 irasci!
918 2452 1083 2515 cuius
1117 2453 1484 2513 temerariam
1523 2452 1778 2531 linguam
1821 2454 2042 2534 probra
2085 2455 2327 2519 dicentis

208 2599 215 2605 ,
253 2535 399 2595 mihi
426 2543 487 2595 et
506 2536 680 2597 vobis·
701 2537 917 2600 diutius
943 2538 1066 2611 tuli,
1099 2555 1274 2617 quam
1295 2537 1392 2598 ille
1413 2538 1618 2609 eadem
1647 2556 1742 2600 me
1765 2539 2056 2603 dicentem
2081 2543 2330 2604 tulisset.

196 2615 239 2675 8
254 2619 484 2698 Regum
508 2620 835 2699 ducumque
862 2623 1165 2684 clementia
1191 2642 1312 2684 non
1336 2623 1397 2683 in
1425 2622 1690 2702 ipsorum
1711 2625 1910 2698 modo,
1937 2627 2044 2688 sed
2068 2628 2252 2690 etiam
2273 2627 2330 2688 in

252 2703 505 2777 illorum,
552 2705 652 2784 qui
678 2716 902 2787 parent,
948 2707 1195 2786 ingeniis
1222 2707 1332 2769 sita
1357 2720 1465 2770 est.
1531 2708 1832 2789 Obsequio
1859 2710 2205 2792 mitigantur
2227 2714 2333 2775 im-

151 2796 159 2864 ζ
252 2789 449 2868 peria:
496 2789 595 2850 tibi
624 2809 761 2852 vero
798 2793 1120 2854 reverentia
1148 2793 1402 2855 excessit
1427 2793 1638 2860 animis
1671 2805 1732 2858 et
1756 2815 1984 2860 summa
2017 2798 2160 2861 imis
2191 2818 2336 2860 con-

150 2874 158 2934 2
254 2874 571 2947 fundimuS,
601 2876 656 2936 vi
679 2897 829 2959 opus
856 2885 963 2949 est,
991 2889 1057 2940 ut
1078 2878 1194 2939 vim
1221 2879 1594 2959 repellamus-

196 2953 235 3014 9
384 2959 502 3020 Sed
532 2962 667 3040 quid
694 2983 803 3044 ego
830 2963 1025 3037 mirer,
1071 2963 1249 3027 istum
1287 2965 1686 3028 crudelitatem
1713 2966 1856 3031 mihi
1877 2967 2198 3042 obiecisse,
2243 2967 2340 3048 qui

254 3044 549 3106 avaritiam
572 3051 927 3128 exprobrare
953 3069 1131 3111 ausus
1154 3047 1275 3111 sit?
1318 3051 1468 3113 Nolo
1487 3051 1750 3132 singulos
1768 3062 2028 3114 vestrum
2051 3055 2338 3126 excitare,

252 3147 331 3192 ne
356 3129 597 3192 invisam
625 3133 1021 3196 liberalitatem
1050 3153 1241 3196 meam
1269 3138 1501 3212 faciam,
1533 3139 1583 3198 si
1617 3138 1832 3218 pudori
1869 3147 2061 3200 vestro
2091 3158 2340 3220 gravem

251 3215 468 3279 fecero,
512 3215 721 3282 Totum
754 3220 1067 3282 exercitum
1096 3221 1368 3298 aspicite:
1413 3221 1510 3302 qui
1537 3225 1735 3304 paullo
1761 3235 1898 3287 ante
1925 3225 2064 3286 nihil
2095 3236 2342 3307 praeter

252 3319 413 3364 arma
430 3303 702 3379 habebat,
730 3326 887 3368 nunc
901 3305 1195 3383 argenteis
1219 3307 1392 3369 cubat
1413 3310 1608 3381 lectis3
1635 3329 1868 3372 mensas
1887 3321 2342 3386 auro‘onerant,

250 3403 461 3468 greges
484 3409 783 3454 servorum
812 3392 1050 3466 ducunt,
1087 3393 1274 3472 spolia
1305 3395 1380 3454 de
1405 3395 1679 3458 hostibus
1705 3397 1996 3459 sustinere
2033 3417 2162 3461 non
2194 3418 2344 3480 pos-

152 3466 235 3531 10
252 3483 408 3539 sunt.
450 3478 523 3538 At
540 3477 692 3540 enim
717 3479 948 3551 Persae,
972 3497 1121 3556 quos
1140 3479 1398 3550 vir-imus,
1427 3481 1487 3541 in
1510 3500 1723 3560 magno
1745 3484 1974 3546 honore
1997 3495 2150 3548 sunt
2171 3483 2346 3566 apud

250 3575 366 3621 me.
409 3561 694 3642 Equidem
712 3563 1125 3628 moderationis
1144 3582 1308 3628 meae
1325 3566 1712 3632 certissimum
1729 3569 2007 3632 indicium
2025 3581 2148 3647 est,
2169 3569 2345 3654 quod
