2417 3900
549 126 554 130 ·
605 93 749 157 Lm.
792 92 912 155 vn.
959 92 1086 175 (v.)
1133 96 1293 157 mr.
1336 96 1385 161 1.
1431 91 1676 159 1-13,
2004 56 2175 159 '119

239 212 394 291 Cap.
421 211 466 275 1.
507 213 801 275 Philotam
825 211 978 274 sicut
993 214 1335 278 recentibus
1360 214 1599 281 secteris
1622 212 1751 275 eius
1769 212 2031 293 vestigiis
2048 214 2181 281 iure
2200 212 2243 275 1

116 296 374 359 affectum
417 300 709 379 supplicio
754 307 1113 359 censuerant
1151 295 1391 372 milites,
1434 298 1532 374 ita,
1578 306 1891 380 postquam
1928 299 2182 365 desierat

116 399 254 457 esse,
283 402 456 463 quem
476 384 768 457 odissent,
792 379 1012 445 invidia
1033 381 1096 443 in
1119 382 1577 447 misericordiam
1601 382 1795 447 vertit.
1838 383 2101 450 Moverat
2124 393 2185 447 et
2199 392 2245 459 2

111 466 333 531 claritas
369 469 600 532 iuvenis
637 476 696 529 et
732 466 918 547 patris
957 467 1080 529 eius
1117 476 1395 531 senectus
1432 477 1603 549 atque
1637 469 1883 535 orbitas.
1950 468 2183 535 Primus
2200 474 2245 539 3

107 554 301 617 Asiam
327 562 644 633 aperuerat
664 551 809 633 regi,
835 552 1094 617 omnium
1116 554 1513 632 periculorum
1538 554 1661 619 eius
1682 555 2001 634 particeps,
2026 573 2190 617 sem*

105 657 213 719 per
242 642 492 703 alterum
511 640 576 701 in
601 638 724 704 acie
748 656 932 702 cornu
955 638 1317 714 defenderat,
1342 640 1615 719 Philippo
1640 659 1874 720 quoque
1898 647 2037 703 ante
2058 657 2195 703 om—

103 744 214 787 nes
241 725 462 787 amicus
489 734 547 789 et
565 724 680 805 ipsi
695 724 1026 787 Alexandro
1045 732 1164 787 tam
1181 726 1357 801 fidus,
1382 733 1447 791 ut
1470 725 1779 789 occidendi
1794 726 2049 789 Attalum
2066 744 2195 787 non

103 811 222 871 alio
245 810 517 873 ministro
543 810 624 876 uti
645 812 858 883 mallet.
902 810 1132 878 Horum
1157 812 1431 891 cogitatio
1460 812 1698 875 subibat
1724 811 2065 884 exercitum,
2090 828 2191 875 se·
2206 814 2253 874 4
2352 882 2363 893 ,

106 895 470 975 ditiosaeque
500 916 666 961 voces
702 896 1110 961 reserebantur
1141 899 1217 959 ad
1255 916 1473 977 regem.
1540 898 1685 971 Quis
1719 896 1817 958 ille
1850 897 2011 959 haud
2042 914 2193 959 sane

103 990 322 1057 motus,
344 982 597 1063 satisque
622 983 904 1062 prudenS,
941 982 1042 1047 otii
1069 982 1203 1045 vitia
1226 984 1465 1063 negotio
1494 982 1720 1058 discuti,
1747 982 1938 1057 edicit,
1966 994 2033 1045 ut
2057 1001 2190 1045 om-

101 1085 212 1128 nes
240 1067 302 1130 in
325 1068 610 1133 vestibulo
631 1067 828 1147 regiae
845 1076 1086 1148 praesto
1113 1069 1251 1131 sint.
1300 1070 1465 1141 Quos
1486 1070 1584 1131 ubi
1609 1071 1951 1149 frequentes
1974 1068 2191 1129 adesse
2207 1065 2251 1129 δ

105 1154 394 1231 cognovit,
439 1154 502 1216 in
541 1154 887 1227 concionem
930 1154 1243 1233 processit.
1313 1154 1481 1217 Haud
1524 1154 1701 1226 dubie
1743 1172 1815 1214 ex
1856 1152 2193 1231 composito

103 1238 404 1301 Atharrias
442 1241 742 1319 postulare
778 1238 991 1317 coepit,
1032 1246 1096 1301 ut
1125 1240 1445 1318 Lyncestes
1478 1239 1825 1309 Alexander,
1870 1236 1969 1315 qui
2006 1237 2193 1297 multo

103 1331 242 1385 ante
289 1343 464 1404 quam
497 1326 760 1387 Philotas
790 1340 992 1401 regem
1031 1324 1316 1383 voluisset
1354 1323 1641 1396 occidere,
1686 1320 2077 1385 exhiberetur.
2142 1318 2256 1381 AG

101 1408 340 1471 duobus
366 1410 680 1482 indicibuS,
725 1408 876 1469 sicut
905 1424 1084 1485 supra
1109 1407 1383 1481 diximuS,
1421 1408 1645 1468 delatus
1680 1406 1915 1467 tertium
1938 1406 2055 1468 iam
2084 1424 2197 1466 an-

97 1512 246 1557 num
275 1494 720 1557 custodiebatur
744 1492 806 1553 in
829 1490 1096 1553 vinculis·
1138 1492 1409 1555 Eundem
1432 1492 1491 1551 in
1514 1489 1771 1569 Philippi
1798 1510 2033 1569 quoque
2058 1508 2197 1552 cao-

97 1580 240 1641 dem
291 1580 636 1641 coniurasse
681 1595 813 1641 cum
851 1576 1168 1651 Pausania,
1217 1595 1329 1658 pro
1374 1584 1675 1655 comperto
1718 1576 1853 1651 fuit3
1896 1576 2002 1636 sed
2054 1574 2197 1655 quia

94 1665 334 1745 primus
363 1664 762 1727 Alexandrum
801 1681 1004 1742 regem
1041 1664 1409 1737 salutaverat,
1458 1660 1745 1742 supplicio
1788 1661 1973 1741 magis
2018 1678 2197 1740 quam

99 1751 338 1811 crimini
375 1751 567 1811 fuerat
611 1757 940 1828 exemptus·
1009 1746 1175 1811 Tunc
1216 1768 1455 1829 quoque
1488 1747 1777 1827 Antipatri
1823 1746 2015 1826 soceri
2058 1746 2256 1817 eim?

93 1854 320 1914 preces
341 1834 552 1897 iustam
578 1834 734 1913 regis
757 1834 903 1896 iram
931 1835 1337 1897 morabantur.
1382 1835 1653 1899 Ceterum
1684 1833 1983 1896 recruduit
2008 1852 2195 1913 sopo-

97 1929 274 1984 ratus
299 1920 498 1983 dolor:
545 1921 764 2001 quippe
801 1920 1014 1983 veteris
1050 1921 1295 2002 periculi
1326 1922 1669 1984 memoriam
1697 1920 2025 2000 praesentis
2050 1938 2193 1981 cura

94 2007 444 2070 renovabat.
491 2007 676 2085 Igitur
697 2001 1028 2070 Alexander
1053 2027 1127 2069 ex
1154 2009 1421 2070 custodia
1444 2009 1727 2080 educitur,
1752 2007 2075 2085 iussusque
2100 2005 2193 2066 di·-
2210 2009 2256 2072 8

93 2112 256 2165 cere,
276 2111 628 2172 quamquam
645 2101 770 2154 toto
791 2092 1044 2153 triennio
1065 2093 1385 2154 meditatus
1408 2104 1533 2154 erat
1550 2091 1972 2164 defensionem,
1990 2103 2196 2152 tamen

91 2179 404 2240 haesitans
431 2187 488 2238 et
522 2177 788 2255 trepidus
821 2195 1010 2256 pauca
1039 2195 1110 2236 ex
1131 2177 1247 2249 hia,
1286 2195 1436 2255 quae
1462 2183 1893 2254 composuerat,
1930 2174 2193 2253 protulit,

91 2264 168 2325 ad
197 2263 474 2324 ultimum
507 2281 630 2322 non
653 2261 937 2322 memoria
963 2261 1174 2333 solum,
1218 2261 1326 2320 sed
1350 2261 1525 2330 etiam
1550 2279 1721 2321 mens
1748 2277 1887 2318 eum
1912 2257 2192 2319 destituit.

89 2348 263 2410 Nulli
285 2356 412 2408 erat
437 2347 700 2419 dubium,
737 2345 878 2423 quin
911 2344 1225 2424 trepidatio
1264 2343 1659 2405 conscientiae
1692 2342 1972 2403 indicium
2012 2352 2193 2416 esset,
2213 2347 2254 2406 9

93 2453 230 2496 non
271 2433 596 2494 memoriae
635 2431 854 2492 vitium.
920 2431 1124 2508 ltaque
1157 2447 1229 2488 ex
1268 2428 1380 2504 his,
1430 2428 1529 2508 qui
1565 2427 1831 2509 proxime
1867 2427 2193 2501 astiterant,

99 2521 508 2582 obluctantem
541 2517 735 2578 adhuc
765 2513 1042 2578 oblivioni
1074 2515 1294 2576 lanceis
1329 2514 1745 2577 confoderunt.

235 2605 415 2666 Cuius
443 2622 698 2682 corpore
725 2602 916 2664 ablato
945 2619 1053 2662 rex
1083 2601 1377 2666 introduci
1412 2601 1587 2664 iussit
1620 2601 1925 2680 Amyntam
1956 2606 2011 2658 et
2038 2596 2183 2658 Sim·
2214 2610 2297 2674 lo

97 2691 315 2752 miam:
341 2708 478 2752 nam
499 2690 806 2760 Polemon,
829 2687 1108 2749 minimus
1131 2705 1206 2748 ex
1229 2682 1521 2757 fratribus,
1548 2704 1727 2766 quum
1750 2684 2037 2748 Philotam
2062 2691 2191 2744 tor„

100 2774 276 2854 queri
309 2775 715 2856 comperisset,
749 2775 1109 2854 profugerat.
1165 2771 1442 2834 Omnium
1475 2772 1742 2834 Philotae
1776 2771 2095 2835 amicorum
2127 2770 2189 2830 hi
2212 2781 2290 2842 11

101 2861 400 2922 carissimi
421 2863 670 2936 fuerant,
695 2861 770 2920 ad
793 2877 1004 2938 magna
1027 2867 1086 2922 et
1109 2858 1399 2919 honorata
1416 2858 1736 2920 ministeria
1758 2857 1911 2919 illius
1936 2857 2190 2916 maxime

101 2946 530 3024 suffragatione
551 2946 844 3026 producti,
879 2945 1347 3023 memineratque
1371 2961 1493 3018 rex,
1532 2961 1765 3005 summo
1792 2941 1989 3004 studio
2016 2943 2090 3003 ab
2118 2961 2191 3001 eo

101 3032 452 3094 conciliatos
471 3033 601 3106 sibi,
631 3051 742 3096 nec
762 3029 1080 3103 dubitabat,
1103 3030 1279 3092 huius
1299 3047 1532 3110 quoque
1554 3030 1738 3091 ultimi
1758 3029 1983 3092 consilii
2006 3028 2190 3090 fuisse

99 3117 446 3198 participes.
505 3118 704 3197 Igitur,
748 3117 884 3180 olim
917 3117 1031 3179 sibi
1063 3133 1196 3178 esse
1234 3125 1544 3196 suspectos
1576 3116 1777 3178 matris
1804 3133 1946 3178 suae
1965 3112 2187 3182 -literiS,
2211 3114 2293 3177 12

105 3202 334 3281 quihus
358 3213 518 3266 esset
537 3205 891 3276 admonituS,
914 3213 982 3265 ut
1005 3202 1080 3265 ab
1105 3201 1198 3263 his
1228 3203 1476 3264 salutem
1498 3221 1663 3264 suam
1690 3210 1972 3264 tueretur.
2018 3199 2189 3256 Cete-

99 3307 246 3348 rum
281 3307 348 3350 se
381 3288 622 3351 invitum
661 3289 954 3350 deteriora
995 3289 1361 3362 credentem,
1404 3307 1563 3350 nunc
1594 3288 1919 3350 manifestis
1954 3278 2195 3352 indiciis,

101 3373 349 3449 victum,
371 3373 614 3443 iussisse
640 3373 861 3434 vinciri.
925 3374 1071 3434 Nam
1109 3374 1297 3452 pridie
1324 3393 1495 3452 quam
1528 3375 1897 3450 detegeretur
1923 3367 2186 3428 Philotae
2208 3367 2289 3429 13

105 3460 334 3532 scelus,
375 3461 514 3538 quin
545 3467 772 3520 secreto
803 3476 936 3518 cum
963 3477 1034 3520 eo
1058 3459 1329 3532 fuissent,
1368 3478 1486 3520 non
1514 3475 1693 3537 posse
1726 3451 1997 3516 dubitari.
2042 3452 2186 3511 Fra-

105 3552 267 3606 trem
307 3565 464 3619 vero‚
508 3544 607 3624 qui
637 3541 974 3624 profugerit,
1009 3557 1198 3622 'quum
1236 3543 1313 3604 de
1339 3543 1567 3604 Philota
1603 3546 2000 3620 quaereretur,
2044 3555 2192 3618 ape-
