2417 3900
459 101 633 202 ⁵213.
674 116 825 203 vni.
870 136 1027 218 (vt)
1068 139 1228 202 CAP.
1271 142 1366 204 vl.
1415 138 1659 203 1—20.
1994 140 2117 205 ιω

59 254 215 335 pulit,
255 262 319 316 ut
352 258 657 320 occidendi
692 277 893 337 regem
919 257 1230 338 consilium
1259 278 1460 321 secum
1491 261 1684 323 iniret.
1751 258 1877 321 Nec
1907 258 2180 339 puerili9

57 340 271 419 impetu
294 358 419 401 rem
452 344 759 423 exsequuti
792 348 955 405 sunt:
1011 343 1232 422 quippe
1264 343 1530 407 sollerter
1551 348 1842 425 legerunt,
1883 346 2034 424 quos
2053 344 2120 409 in

56 426 387 487 societatem
412 429 651 489 sceleris
680 428 1055 491 asciscerent.
1097 429 1508 505 Nicostratum,
1527 432 1894 511 Antipatrum
1919 430 2124 491 Ascle-

52 510 479 590 piodorumque
514 523 574 574 et
600 514 889 575 Philotam
914 512 1129 593 placuit
1162 515 1403 576 assumi.
1469 516 1582 577 Per
1609 518 1718 578 hos
1747 516 1960 578 adiecti
1981 522 2126 579 sunt

50 597 320 669 Anticles,
364 598 711 676 Elaptonius
744 608 804 659 et
840 599 1173 677 Epimenes.
1247 597 1517 663 Ceterum
1550 602 1810 680 agendae
1842 601 1928 663 rei
1959 599 2124 661 haud
2145 606 2228 669 lo

48 699 187 742 sane
206 680 393 743 facilis
412 684 647 760 patebat
666 684 772 745 via.
808 684 973 763 Opus
992 681 1113 747 erat
1132 686 1342 750 eadem
1361 688 1572 748 omnes
1593 688 1924 748 coniuratos
1944 693 2128 747 nocte

46 768 357 839 excubare,
400 786 477 828 ne
508 770 581 829 ab
620 764 953 917 expergsbus
980 771 1206 833 consilii
1239 772 1696 851 impedirentur;
1739 773 1888 833 sorte
1923 779 2126 833 autem

40 852 196 925 alius
223 850 333 911 alia
370 862 543 914 noete
570 856 791 917 excuba
814 850 910 917 at.
959 858 1157 936 ltaque
1178 856 1238 917 in
1263 858 1670 936 permutandis
1695 858 2014 919 stationum
2036 854 2124 917 vi·-
2143 860 2230 923 11

40 936 217 997 cibus
254 945 561 1017 ceteroque
602 953 884 1021 apparatu
924 944 1332 1022 exsequendae
1363 944 1449 1005 rei
1481 944 1718 1022 triginta
1745 951 1801 1003 et
1834 943 1956 1005 duo
1991 941 2124 1005 dies

36 1022 337 1100 absumpti
368 1032 525 1087 sunt.

167 1107 385 1169 Aderat
418 1128 555 1185 nox,
601 1130 717 1189 qua
757 1110 1044 1173 coniurati
1076 1111 1366 1172 excubare
1409 1111 1722 1185 debebant,
1761 1121 1966 1173 mutua
2001 1110 2126 1171 fide
2145 1113 2230 1175 12

38 1190 193 1265 laeti,
214 1192 377 1254 cuius
400 1196 819 1257 documentum
838 1204 929 1257 tot
946 1194 1073 1255 dies
1091 1196 1338 1257 fuerant.
1373 1196 1678 1257 Neminem
1697 1204 1892 1257 metus
1909 1211 2130 1273 spesve
2273 1216 2282 1221 ·

38 1287 397 1339 mutaverat:
439 1288 601 1341 tanta
638 1280 920 1352 omnibus
942 1278 1033 1339 vel
1058 1278 1118 1338 in
1142 1298 1342 1357 regem
1378 1280 1462 1339 ira
1490 1280 1582 1339 vel
1607 1280 1756 1341 fides
1781 1279 1934 1341 inter
1959 1278 2128 1357 ipsos

40 1360 165 1422 fuit.
241 1363 491 1425 Stabant
514 1364 693 1441 igitur
721 1365 794 1425 ad
825 1366 983 1423 fores
1004 1362 1187 1423 'aedis
1215 1364 1359 1437 eius,
1401 1362 1462 1421 in
1490 1381 1604 1441 qua
1631 1382 1738 1424 rex
1762 1363 2126 1437 vescebatur,
2147 1364 2232 1429 13

38 1454 101 1507 ut
138 1448 411 1509 convivio
460 1466 765 1526 egressum
806 1448 869 1507 in
914 1446 1246 1510 cub-iculum
1282 1447 1666 1509 deducerent.
1735 1448 1856 1509 Sed
1893 1450 2128 1509 fortuna
2149 1450 2234 1515 14

34 1529 235 1608 ipsius
270 1531 566 1612 simulque
603 1532 961 1612 epulantium
1000 1530 1244 1593 comitas
1275 1532 1540 1612 provexit
1563 1550 1774 1593 omnes
1806 1534 1880 1593 ad
1910 1532 2130 1609 largius

34 1617 275 1691 vinum3
302 1618 621 1679 ludietiam
640 1618 969 1680 convivales
990 1624 1293 1679 extraxere
1315 1626 1568 1698 tempus,
1600 1637 1758 1679 nunc
1774 1617 2132 1681 lactantibus

32 1701 389 1776 coniuratiS,
418 1700 577 1781 qu‘od
600 1704 856 1783 sopitum
874 1702 1210 1783 aggressuri
1231 1711 1449 1776 essent,
1471 1722 1634 1765 nunc
1657 1703 1938 1779 sollicitis,
1963 1720 2045 1765 ne
2063 1701 2131 1767 iu

30 1782 239 1859 lucem
266 1786 595 1851 convivium
624 1790 1045 1851 extraheretur.
1091 1788 1324 1869 Quippe
1349 1789 1498 1851 alios
1521 1790 1586 1853 in
1607 1790 1918 1853 stationem
1945 1808 2128 1869 opor·
2147 1790 2232 1853 16

30 1872 209 1931 'tebat
231 1870 417 1950 prima
456 1874 583 1935 luce
608 1876 949 1950 succedere,
986 1872 1251 1955 ipsorum
1289 1883 1428 1955 post
1445 1876 1760 1956 septimum
1789 1876 1946 1940 diem
1965 1874 2130 1939 redi-

31 1965 171 2018 tura
204 1957 347 2018 vice.
394 1959 519 2020 Nec
544 1979 787 2040 sperare
809 1970 1100 2042 poterant,
1128 1961 1189 2024 in
1217 1961 1363 2023 illud<
1384 1969 1618 2042 tempus
1643 1963 1918 2025 omnibus
1945 1962 2128 2024 dura-

30 2049 239 2102 turam
264 2044 462 2106 fidem.
532 2046 809 2108 Ceterum
850 2065 1027 2126 quum
1052 2045 1166 2108 iam
1200 2047 1298 2106 lux
1333 2056 1652 2125 appeteret,
1703 2056 1762 2107 et
1795 2046 2128 2109 convivium
2147 2044 2234 2108 16

34 2127 293 2189 solvitur
336 2136 394 2188 et
427 2128 713 2191 coniurati
746 2137 1103 2210 exceperunt
1142 2147 1363 2206 regem,
1403 2131 1540 2190 laeti
1581 2131 1954 2190 occasionem
1989 2147 2132 2189 exe-

34 2211 271 2290 quendi
313 2213 551 2273 sceleris
589 2215 908 2288 admotam,
951 2232 1128 2292 quum
1168 2213 1380 2272 mulier
1407 2213 1707 2285 atton-itae,
1751 2224 1814 2273 ut
1843 2211 2134 2274 creditum

38 2306 143 2370 est,
201 2297 441 2369 mentis,
482 2299 821 2359 conversari
844 2299 907 2358 in
930 2297 1091 2376 regia
1116 2296 1304 2370 solita,
1350 2296 1484 2373 quia
1517 2296 1795 2359 instinctu
1825 2296 2138 2363 videbatur
2155 2339 2183 2350 .-

34 2382 245 2444 futura
276 2380 636 2461 praedicere,
679 2401 801 2444 non
828 2381 1081 2444 occurrit
1106 2380 1285 2442 modo
1307 2381 1562 2453 abeunti,
1608 2382 1713 2441 sed
1747 2381 1918 2442 etiam
1943 2385 2136 2442 semet

35 2467 266 2528 obiecit
291 2467 567 2546 vultuque
596 2476 653 2530 et
678 2467 860 2530 oculis
886 2478 1109 2532 motum
1136 2467 1476 2544 praeferens
1497 2465 1694 2539 animi,
1739 2465 2048 2530 utrediret
2065 2465 2132 2528 in

36 2551 399 2624 convivium,
420 2553 673 2614 monuit:
714 2563 773 2615 et
789 2553 887 2614 ille
910 2571 1019 2633 per
1040 2553 1246 2614 ludum
1268 2553 1419 2612 bene
1443 2553 1593 2614 deos
1613 2551 1860 2614 suadere
1877 2570 2130 2634 respon·
2151 2557 2237 2622 17

32 2639 119 2698 dit
154 2637 571 2717 revocatisque
596 2638 799 2702 amicis
828 2639 887 2700 in
924 2639 1129 2699 horam
1166 2637 1282 2699 diei
1319 2638 1502 2698 ferme
1529 2637 1854 2700 secundam
1883 2636 2132 2703 convivii

32 2732 291 2802 tempus
316 2725 578 2785 extraxit.
644 2725 767 2786 lam
794 2723 891 2786 alii
916 2743 987 2784 ex
1012 2724 1254 2786 cohorte
1276 2722 1338 2783 in
1365 2723 1675 2786 stationem
1703 2731 2128 2799 successerant,
2150 2727 2236 2792 18

31 2819 181 2870 ante
230 2808 480 2870 cubiculi
514 2812 673 2872 fores
714 2809 1059 2882 excubituri,
1100 2809 1296 2872 adhuc
1333 2819 1528 2870 tamen
1567 2809 1852 2872 coniurati
1893 2811 2131 2874 stabant

32 2894 171 2954 vice
209 2894 387 2954 officii
412 2896 507 2958 sui
530 2897 785 2976 expleta:
826 2896 975 2958 adeo
1010 2895 1273 2975 pertinax
1307 2912 1447 2973 spes
1482 2901 1590 2967 est,
1627 2913 1801 2974 quam
1838 2895 2130 2960 humanae

30 2988 285 3040 mentes
312 2980 756 3044 devoraverunt.
800 2983 927 3044 Rex
949 2981 1262 3060 benignius
1285 2997 1458 3058 quam
1485 2979 1628 3040 alias
1651 2981 1981 3060 alloquutus
2005 2981 2231 3056 dis-19

32 3066 271 3125 cedere
293 3083 397 3125 eos
414 3067 493 3134 ¹ad
512 3071 765 3140 curanda
786 3086 1053 3148 corpora,
1081 3066 1360 3146 quoniam
1379 3074 1503 3128 tota
1525 3074 1698 3129 nocte
1715 3068 2128 3146 perstitissent,

30 3149 237 3210 iubet.
283 3151 425 3210 Data
453 3151 696 3230 singulis
720 3154 1135 3234 quinquaginta
1158 3151 1446 3226 sestertia,
1475 3151 1922 3232 collaudatique‚
1965 3148 2132 3230 quod

31 3235 231 3296 etiam
258 3235 382 3295 aliis
410 3238 615 3298 tradita
641 3239 767 3300 vice
791 3251 985 3300 tamen
1011 3239 1299 3302 excubare
1322 3246 1828 3320 perseverassent.

181 3319 275 3380 lili
324 3329 481 3382 tanta
534 3342 641 3402 spe
682 3322 941 3386 destituti
985 3325 1197 3392 domos
1245 3325 1482 3388 abeunt.
1559 3323 1630 3384 Et
1672 3320 1854 3388 ceteri
1877 3314 2236 3413 ‘quidemw

32 3406 449 3484 expectabant
472 3408 739 3470 stationis
768 3427 909 3471 suae
935 3418 1195 3476 noctem:
1233 3409 1570 3488 Epimenes,
1591 3407 1718 3468 sive
1740 3411 2012 3466 comuate
2033 3419 2134 3498 re-

36 3493 155 3570 giS‚
192 3508 313 3567 qua
340 3491 537 3570 ipsum
554 3495 707 3555 inter
728 3495 1063 3554 coniuratos
1086 3502 1412 3572 exceperat,
1436 3502 1686 3571 repente
1710 3492 1983 3558 mutatus,
2007 3503 2134 3548 stve

32 3577 187 3716 quigl
226 3579 451 3656 coeptis
478 3581 623 3642 deos
648 3579 885 3664 obstare
908 3579 1204 3654 credebat,
1239 3579 1406 3640 tratri
1427 3595 1538 3640 suo
1563 3569 1914 3716 Eurxliiltiho,
1955 3587 2136 3649 quem

176 3673 359 3719 urens.
