2417 3900
549 111 692 176 Lm.
733 111 834 176 ιιι.
879 111 983 192 (1.)
1027 113 1186 174 CAP.
1232 110 1655 214 xmp—27.
2089 109 2177 174 23

118 229 386 316 advoluta
435 239 525 290 est
573 229 824 310 pedibus
859 231 1004 306 eius,
1048 231 1476 308 ignorationem
1513 250 1816 310 nunquam
1856 239 2025 290 antea
2065 229 2175 290 visi

116 316 272 394 regis
295 333 604 376 excusans,
666 318 857 389 Quam
881 335 1064 378 manu
1084 316 1337 377 allevans
1361 335 1491 391 rex,
1538 317 1671 378 Non
1699 315 1924 390 errasti,
1968 315 2177 394 inquit,

113 409 332 477 mater,
377 419 513 462 nam
546 411 604 462 et
641 401 739 463 hic
770 401 1107 462 Alexander
1152 410 1259 462 est.
1324 403 1608 482 Equidem
1637 403 1765 474 ⁸hac
1816 401 2177 462 continentia
2200 399 2281 460 18

113 487 293 548 animi
335 487 386 548 si
425 488 500 548 ad
547 486 819 548 ultimum
861 486 1010 548 vitae
1059 505 1437 567 perseverare
1489 489 1811 568 potuisset,
1856 485 2177 548 feliciorem

108 572 293 634 fuisse
319 573 650 646 crederem,
684 564 856 652 quam
883 571 1042 633 visus
1070 583 1162 633 est
1188 591 1339 647 esse,
1367 594 1542 653 quum
1566 575 1760 635 Liberi
1785 572 1969 654 patris
1986 572 2181 633 imita-

106 669 278 720 retur
300 657 663 738 triumphum
690 659 763 718 ab
785 657 1162 738 Hellesponto
1187 677 1375 738 usque
1400 661 1473 721 ad
1499 679 1778 721 oceanum
1801 676 2009 721 omnes
2034 676 2182 738 gen-

105 753 198 805 tes
226 743 468 805 victoria
499 763 797 806 emensus,
859 743 1104 806 Vicisset
1129 747 1398 825 profecto
1436 747 1774 826 superbiam
1803 755 1977 824 atque
2010 736 2179 820 fram,
2202 746 2281 808 19

102 831 270 890 mala
315 829 554 891 invicta:
612 829 988 892 abstinuisset
1037 831 1194 893 inter
1252 833 1459 912 epulas
1507 832 1787 894 caedibus
1834 830 2179 906 amicorum,

49 913 60 923 ‘
106 914 495 995 egregiosque
519 915 673 978 bello
699 916 853 978 viros
880 927 938 978 et
965 925 1052 978 tot
1078 915 1338 996 gentium
1371 937 1575 980 secum
1610 917 1928 980 domitores
1956 917 2181 978 indicta

104 1005 288 1062 causa
335 1001 552 1062 veritus
587 1010 749 1064 esset
779 1003 1073 1064 occidere.
1145 1003 1266 1066 Sed
1300 1005 1565 1067 nondum
1596 1006 1833 1066 fortuna
1871 1023 1938 1066 se
1976 1003 2178 1065 animo
2196 1009 2285 1072 20

103 1087 232 1148 eius
260 1089 698 1167 superfuderat:
747 1088 942 1169 itaque
965 1089 1256 1170 orientem
1280 1109 1410 1151 eam
1436 1092 1743 1153 moderate
1768 1099 1829 1151 et
1852 1090 2185 1170 prudenter

103 1173 252 1246 tulit,
301 1174 373 1234 ad
397 1172 664 1236 ultimum
685 1175 1149 1254 magnitudinem
1169 1176 1296 1238 eius
1317 1195 1437 1238 non
1465 1179 1636 1256 cepit.

233 1259 404 1320 Tunc
421 1259 660 1339 quidem
679 1259 760 1321 ita
782 1279 848 1336 se
874 1261 1072 1340 gessit,
1118 1269 1184 1322 ut
1208 1281 1415 1338 omnes
1443 1271 1580 1323 ante
1599 1280 1734 1322 eum
1754 1277 1927 1337 reges
1952 1266 2010 1317 et
2034 1263 2285 1326 con-*21

100 1343 353 1405 tinentia
389 1353 448 1406 et
475 1345 779 1406 clementia
805 1346 1200 1406 vincerentur.
1280 1347 1549 1426 Virgines
1579 1346 1814 1424 reginas
1845 1341 2181 1405 excellentis
2201 1348 2287 1410 22

101 1431 337 1492 formae
369 1438 488 1490 tam
519 1435 723 1491 sancte
755 1429 983 1504 habuit,
1033 1449 1207 1508 quam
1236 1431 1545 1505 si¹eodem,
1592 1450 1708 1510 quo
1740 1428 2183 1510 ipse,'parente

102 1515 344 1595 genitae
385 1516 600 1577 forent.
673 1515 993 1594 Coniugem
1034 1515 1327 1590 eiusdem,
1375 1535 1550 1595 quam
1594 1517 1753 1578 nulla
1797 1514 2001 1576 aetatis
2044 1533 2189 1576 suae

104 1600 550 1682 pulchritudine
587 1600 852 1682 corporis
893 1601 1054 1676 vicit,
1103 1602 1252 1663 adeo
1289 1602 1420 1682 ipse
1457 1621 1579 1664 non
1620 1601 1879 1674 violavit,
1928 1608 1992 1661 ut
2024 1619 2190 1662 sum-

103 1705 265 1748 mam
293 1687 628 1749 adhibuerit
650 1705 869 1761 curam,
917 1706 992 1748 ne
1021 1688 1152 1767 quis
1183 1687 1413 1768 captivo
1438 1688 1674 1769 corpori
1695 1687 1985 1750 illuderet.
2040 1685 2186 1748 Om-
2205 1687 2291 1753 23

103 1791 241 1834 nem
287 1771 504 1835 cultuni
540 1773 712 1835 reddi
749 1773 982 1836 feminis
1023 1773 1227 1850 iussit3
1282 1791 1397 1836 nec
1438 1775 1750 1855 quicquam
1797 1793 1870 1836 ex
1902 1772 2187 1854 pristinae

107 1860 390 1920 fortunae*
409 1861 842 1938 magnificentia
866 1859 1108 1940 captivis
1139 1869 1378 1940 praeter
1403 1861 1677 1923 fiduciam
1708 1860 1910 1923 defuit.
1978 1859 2186 1940 Itaque
2204 1859 2293 1921 24

105 1943 496 2027 SisygambiS,
545 1946 698 2022 Rex,
743 1945 958 2027 inquit,
1003 1946 1277 2022 mereriS,
1326 1956 1390 2010 ut
1422 1966 1489 2009 ea
1524 1967 1839 2029 precemur
1862 1945 1987 2020 tibi,
2034 1963 2187 2025 quae

105 2031 300 2094 Dareo
327 2040 532 2093 nostro
560 2033 861 2113 quondam
887 2042 1159 2113 precatae
1184 2052 1424 2114 sumus3
1476 2044 1563 2108 et,
1612 2042 1678 2095 ut
1714 2034 1917 2107 viden,
1969 2030 2187 2110 dignus

109 2136 190 2192 es,
243 2117 349 2198 qui
367 2125 592 2179 tantum
610 2138 813 2197 regem
837 2137 960 2180 non
983 2119 1260 2181 felicitate
1288 2120 1501 2194 solum,
1558 2119 1665 2179 sed
1693 2119 1867 2179 etiam
1893 2118 2188 2196 aequitate

109 2203 509 2284 superaveris.
552 2204 643 2265 Tu
668 2204 910 2283 quidem
935 2214 1180 2265 matrem
1205 2222 1305 2266 me
1330 2213 1390 2266 et
1412 2202 1681 2281 reginam
1702 2220 1914 2263 vocas:
1941 2202 2051 2262 sed
2074 2202 2185 2279 eg'o
2206 2207 2291 2271 25

107 2307 200 2350 me
219 2299 387 2351 tuam
416 2290 692 2350 famulam
714 2307 847 2349 esse
876 2290 1178 2351 confiteor.
1240 2288 1315 2349 Et
1350 2288 1703 2369 praeteritae
1726 2290 1998 2350 fortunae
2016 2285 2187 2346 fasti-

113 2374 274 2453 gium
323 2374 492 2455 capio
539 2381 600 2434 et
618 2383 632 2391 ⁸
638 2374 971 2455 praesentis
1010 2373 1215 2453 iugum
1265 2373 1387 2454 pati
1432 2391 1715 2453 possum:
1772 2380 1873 2434 tua
1920 2370 2186 2447 interest,

114 2470 397 2539 quantum
431 2460 495 2521 in
535 2478 646 2521 nos
672 2458 922 2534 licuerit,
973 2458 1023 2521 si
1061 2460 1124 2521 id
1163 2458 1363 2539 potius
1400 2458 1708 2521 clementia
1740 2476 1918 2539 quam
1944 2456 2187 2521 saevitia

109 2546 194 2609 vis
215 2564 355 2609 esse
377 2552 674 2610 testatum.
715 2546 841 2608 Rex
869 2545 1089 2607 bonum
1118 2545 1380 2609 animum
1405 2546 1629 2609 habere
1655 2564 1752 2607 eas
1778 2544 1973 2620 iussit,
2009 2543 2185 2607 Darei
2202 2550 2291 2613 26

112 2632 296 2695 filium
331 2633 482 2695 collo
516 2651 626 2694 suo
665 2631 953 2694 admovit:
997 2640 1173 2712 atque
1213 2632 1358 2695 nihil
1401 2633 1499 2694 ille
1537 2642 1859 2713 conspectu
1882 2640 2024 2693 tunc
2061 2632 2190 2713 pri-

116 2735 278 2781 mum
311 2736 347 2779 a
386 2738 451 2780 se
485 2718 594 2779 visi
623 2716 978 2781 conterritus
1010 2719 1297 2780 cervicem
1326 2718 1757 2781 eius'manibus
1796 2717 2185 2797 amplectitur.

116 2801 310 2866 Motus
335 2823 476 2883 ergo
499 2822 605 2866 rex
632 2804 959 2867 constantia
989 2805 1156 2884 pueri
1179 2806 1682 2885 Hephaestionem
1707 2806 1962 2875 intuenS,
1993 2804 2185 2877 Quam

122 2886 366 2965 vellem,
404 2889 626 2970 inquit,
669 2892 893 2953 Dareus
923 2890 1136 2970 aliquid
1177 2910 1248 2952 ex
1282 2890 1394 2953 hac
1428 2891 1629 2952 indole
1658 2886 1977 2952 hausisset!
2034 2888 2186 2951 Tum
2204 2888 2294 2952 27

120 2976 504 3038 tabernaculo
524 2994 800 3057 egressus
832 2976 1022 3039 tribus
1049 2976 1166 3037 aris
1184 2975 1248 3037 in
1274 2977 1401 3055 ripa
1425 2976 1623 3039 Pinari
1649 2976 1838 3038 amnis
1867 2974 1989 3035 Iovi
2014 2984 2189 3055 atque

122 3058 354 3124 Herculi
396 3062 810 3143 Minervaeque
872 3062 1113 3124 sacratis
1161 3062 1386 3141 Syriam
1434 3062 1605 3141 petit,
1654 3063 2035 3134 Damascum,
2085 3060 2191 3122 ubi

121 3148 274 3226 regis
304 3166 445 3227 gaza
473 3156 622 3224 erat,
666 3148 1057 3215 Parmenione
1083 3148 1430 3228 praemisso.
2174 3190 2179 3199 -

251 3234 418 3315 Cap.
439 3233 596 3297 XIII.
655 3237 843 3316 Atque
878 3254 1056 3315 quum
1086 3234 1483 3314 praecessisse
1503 3231 1675 3293 Dar'ei
1700 3240 1994 3313 satrapam
2025 3246 2188 3288 com-
2210 3227 2246 3287 1

124 3318 408 3395 perisset,
453 3320 698 3394 veritus,
743 3340 820 3383 ne
849 3320 1388 3400 paucitassuorum
1426 3326 1835 3399 sperneretur,
1881 3329 2187 3377 accersere

125 3404 408 3475 maiorem
431 3406 915 3469 manumstatuit.
971 3406 1090 3466 Sed
1122 3406 1275 3467 forte
1299 3406 1361 3466 in
1377 3404 1784 3485 ,exploratores
1816 3400 1889 3461 ab
1918 3416 1988 3459 eo
2011 3392 2246 3476 prae-2

125 3487 338 3553 missos
362 3491 568 3554 incidit
597 3495 834 3553 natione
858 3488 1099 3552 Mardus
1115 3537 1128 3561 ,
1177 3490 1277 3569 qui
1300 3491 1372 3551 ad
1393 3490 1840 3559 Parmenionem
1865 3480 2189 3574 perd-uetus

123 3570 324 3639 literas
340 3578 416 3639 ad
439 3568 835 3640 Alexandrum
860 3593 892 3637 a
918 3576 1219 3656 praefecto
1236 3574 1508 3637 Damasci
1534 3571 1747 3632 missas
1770 3564 1946 3625 tradit
1970 3580 2042 3635 e1,
2073 3579 2193 3621 nec
