2417 3900
470 99 479 107 ’
546 138 691 201 ue.
732 140 855 201 vn.
902 139 1026 239 (v.)
1072 86 1231 203 cAe.
1275 142 1376 203 ix.
1419 136 1672 213 5-22-
2031 138 2158 203 143

84 265 453 337 opportunae
471 256 751 319 victoriae
777 258 1023 319 domuit.
1065 256 1324 319 Invictos
1343 258 1596 339 Scythas*
1613 274 1752 319 esse
1769 255 2158 334 crediderant,

82 341 291 423 quibus
318 342 521 405 tractis
539 344 761 405 nullam
784 354 1021 421 gentem
1039 342 1428 405 Macedonum
1450 344 1850 423 armisparem
1865 342 1996 404 fore
2013 362 2158 407 cen-

76 428 409 491 fitebantur.
452 428 661 506 ltaque
686 427 871 490 Sacae
900 428 1117 489 misere
1141 428 1384 506 legatos,
1422 428 1520 507 qui
1544 430 1984 507 pollicerentur,
2015 446 2159 507 gen-

74 523 191 573 tem
208 513 497 593 imperata
520 514 825 579 facturam.
860 514 1123 578 Moverat
1141 532 1248 575 eos
1261 514 1420 592 regis
1438 532 1560 575 non
1580 514 1760 575 virtus
1777 512 1970 593 magis
1987 530 2161 593 quem
2181 518 2264 593 18‘

75 599 385 662 clementia
400 598 465 659 in
486 597 749 662 devictos
774 600 1049 679 Scythas:
1074 600 1294 679 quippe
1317 598 1578 679 captivos
1597 600 1952 661 omnes'sine
1971 598 2162 678 pretio
2287 614 2293 629 ·

70 685 403 757 remiserat,
430 692 495 745 ut
508 683 687 747 fidem
711 686 947 759 faceret,
970 684 1081 749 sibi
1104 704 1238 749 cum
1261 682 1642 747 ferocissimis
1665 684 1924 761 gentium
1946 684 2024 745 de
2039 685 2164 745 for-

69 769 351 843 titudine,
379 787 501 830 non
521 769 701 830 deira
718 770 897 833 fuisse
923 779 1238 832 certamen.
1283 763 1551 850 Benigne
1573 769 1750 849 igitur
1771 770 2030 849 exceptis
2049 770 2162 833 Sa-
2185 782 2262 845 19

71 872 281 916 carum
323 816 528 933 legatis
574 857 845 919 comitem
887 856 1236 941 Excipmum
1280 857 1477 933 dedit,
1525 853 1858 918 admodum
1886 856 2160 919 iuvenem
2249 912 2256 917 .

72 938 285 1001 aetatis
308 940 457 1003 flore
483 940 847 1004 conciliatum
874 942 1005 1016 sibi,
1036 942 1137 1023 qui
1162 962 1342 1023 quum
1365 942 1566 1024 spe'cie
1595 941 1868 1022 corporis
1881 951 2164 1023 aequaret

35 1108 37 1111 y
74 1026 591 1104 Hephaestionem,
636 1026 689 1088 ei
716 1028 925 1109 lepore
959 1030 1117 1091 haud
1154 1048 1302 1091 sane
1336 1030 1484 1091 virili
1518 1046 1630 1110 par
1657 1044 1780 1091 non
1813 1038 1958 1091 erat.
2020 1030 2162 1109 lpse
2178 1038 2264 1100 2ο

72 1112 317 1173 Cratero
357 1130 490 1173 cum
532 1112 760 1175 maiore
797 1122 990 1194 parte
1010 1116 1300 1178 exercitus
1338 1115 1594 1177 modicis
1641 1114 1949 1175 itineribus
1993 1112 2164 1192 sequi

70 1199 235 1258 iusso
270 1196 351 1262 ad
384 1196 735 1261 Maracanda
768 1200 975 1261 urbem
1010 1199 1300 1277 pervenit,
1343 1219 1412 1260 ex
1449 1218 1564 1279 qua
1577 1198 1966 1277 Spitamenes
2002 1216 2165 1259 com·
2279 1202 2291 1207 '

68 1291 241 1362 perte
265 1282 393 1345 eius
418 1282 674 1345 adventu
700 1284 908 1347 Bactra
939 1285 1294 1363 perfugerat.
1335 1284 1538 1363 Itaque
1565 1281 1876 1361 quatriduo
1897 1300 2002 1343 rex
2033 1284 2164 1343 l‘on-
2182 1289 2266 1355 21

70 1387 209 1447 gum
232 1368 464 1429 itineris
490 1368 750 1447 spatium
776 1387 1057 1430 emensus
1082 1377 1433 1447 pervenerat
1453 1368 1516 1429 in
1541 1386 1678 1427 eum
1701 1368 1917 1454 locum,
1955 1366 2020 1428 in
2045 1386 2163 1447 quo

71 1454 431 1516 Menedemo
449 1453 601 1515 duce
620 1471 668 1513 11
684 1453 843 1514 milia
865 1452 1131 1532 peditum
1152 1462 1210 1513 et
1231 1472 1339 1513 ccc
1355 1454 1576 1532 equites
1599 1440 1902 1513 amiserat.
1937 1452 2164 1515 Horum

68 1556 211 1601 ossa
252 1538 481 1601 tumulo
524 1538 757 1617 contegi
791 1531 965 1599 iussit
998 1548 1057 1599 et
1086 1538 1330 1600 inferias
1360 1556 1528 1599 more
1562 1536 1754 1616 patrio
1793 1536 1975 1598 dedit.
2042 1537 2165 1599 lam
2184 1546 2268 1609 22

72 1624 360 1687 ῦιειέιιιε
398 1640 535 1683 cum
569 1623 1228 1703 phalangefsubsequi’
1208 1642 1410 1685 iussus
1449 1624 1522 1685 ad
1553 1640 1759 1701 regem
1795 1632 2166 1701 pervenerat.
2247 1680 2252 1684 ,
2331 1620 2340 1632 “

70 1710 283 1806 ltaque
304 1716 373 1769 ut
396 1723 623 1781 οιιιιιθε,
650 1709 749 1787 qui
768 1711 1119 1781 defecerant,
1146 1708 1367 1789 pariter
1387 1708 1525 1771 belli
1547 1710 1712 1769 clade
1733 1716 2167 1787 premerentur,
2275 1784 2278 1789 ¹

35 1798 39 1841 ·¹
35 1794 281 1883 copias
308 1792 529 1865 dividit,
556 1794 762 1873 urique
786 1813 961 1874 agros
988 1804 1043 1857 et
1068 1795 1316 1858 interfici
1342 1795 1601 1875 puberes
1625 1794 1816 1857 iussit.

204 1878 369 1958 Cap.
395 1878 466 1941 X.
506 1879 800 1960 Sogdiana
830 1880 993 1960 regio
1018 1880 1230 1943 maiori
1255 1898 1329 1941 ex
1356 1889 1524 1961 parte
1555 1881 1788 1942 deserta
1815 1886 1934 1941 est·
1975 1877 2166 1939 octin-
2185 1896 2223 1958 1

71 1973 248 2044 genta
286 1966 413 2027 fere
450 1966 689 2028 stadia
672 1985 733 2028 m
764 1967 1131 2029 latitudinem
1172 1975 1372 2035 vastae
1397 1967 1746 2030 solitudines
1773 1972 1996 2033 tenent.
2063 1963 2166 2026 ln-
2183 1981 2226 2042 2

35 2071 221 2132 gens
246 2050 502 2129 spatium
530 2060 727 2114 rectae
752 2053 1009 2132 regionis
1033 2061 1141 2127 est,
1171 2071 1282 2132 per
1305 2071 1478 2132 quam
1505 2053 1696 2114 amnis
1721 2050 2169 2130 (Polytimetum

67 2144 289 2200 vocant
324 2136 583 2217 incolae)
626 2139 809 2199 fertur
844 2147 1099 2200 torrens.
1170 2139 1318 2200 Eum
1360 2137 1524 2216 ripae
1559 2139 1620 2198 in
1659 2147 1900 2198 tenuem
1935 2135 2167 2196 alveum
2235 2186 2245 2198 .

72 2229 331 2302 cogunt3
359 2222 575 2282 deinde
598 2241 845 2284 caverna
867 2223 1081 2302 accipit
1104 2233 1165 2283 et
1192 2223 1304 2282 sub
1325 2229 1546 2283 terram
1567 2223 1740 2301 rapit.
1785 2223 2004 2282 Cursus
2028 2220 2168 2281 abs-
2185 2233 2227 2295 3

36 2325 38 2332 ·
72 2306 297 2370 conditi
332 2307 615 2370 indicium
654 2316 745 2370 est
774 2325 965 2386 ⁴aquae
1001 2307 1252 2368 meantis
1279 2325 1482 2379 sonus»,
1523 2325 1704 2386 quum
1729 2307 1925 2385 ipsum
1957 2306 2168 2380 solum,

74 2395 189 2456 sub
222 2411 339 2470 quo
370 2401 569 2456 tantus
596 2393 785 2454 amnis
814 2393 955 2465 fluit,
1000 2411 1077 2454 ne
1099 2391 1335 2454 modico
1362 2391 1600 2472 quidem
1618 2391 1868 2454 resudet
1901 2391 2169 2454 humore.

72 2479 157 2538 Ex
178 2477 427 2557 captivis
446 2478 880 2557 Sogdianorum
900 2479 974 2539 ad
991 2496 1192 2557 regem
1210 2497 1327 2540 xxx
1345 2477 1713 2552 nobilissimi,
1734 2495 2048 2556 corporum
2065 2496 2170 2542 ro·
2185 2483 2240 2548 4'

70 2563 223 2626 bore
244 2563 477 2638 eximio,
499 2563 770 2644 perducti
790 2573 984 2626 erant.
970 2583 983 2598 ·
1011 2563 1111 2643 qui
1130 2572 1194 2625 ut
1211 2581 1321 2642 per
1336 2563 1718 2643 interpretem
1741 2573 2168 2642 cognoverunt,

70 2648 240 2709 iussu
264 2649 423 2728 regis
448 2650 617 2730 ipsos
652 2651 725 2711 ad
762 2649 1115 2730 supplicium
1145 2650 1316 2724 trahi,
1363 2667 1599 2710 carmen
1631 2649 1972 2711 laetantium
1999 2667 2169 2714 more

74 2751 291 2796 canere
318 2735 711 2834 tripudiisque
750 2743 811 2796 et
842 2735 1133 2798 lasciviori
1172 2735 1440 2816 corporis
1477 2743 1642 2798 motu
1668 2736 1958 2822 gaudium
1975 2735 2209 2816 quod-⁰
2279 2796 2282 2799 .

74 2821 213 2882 dam
243 2821 423 2884 animi
446 2829 747 2886 ostentare
768 2831 1116 2902 coeperunt.
1160 2821 1496 2884 Admiratus
1517 2841 1643 2896 rex,
1686 2829 1846 2883 tanta
1872 2821 2168 2902 magnitu·
2187 2829 2228 2890 5
2279 2901 2282 2907 Ι

35 2903 37 2926 ²
79 2905 217 2966 dine
248 2906 427 2968 animi
460 2917 745 2988 oppetere
777 2917 1047 2980 mortem,
1092 2906 1360 2970 revocari
1386 2926 1488 2968 eos
1513 2906 1706 2981 iussit,
1749 2924 2022 2970 caussam
2039 2917 2168 2972 tam
2278 2958 2282 2964 .

76 2993 295 3054 effusae
317 2992 591 3068 laetitiae,
631 3011 811 3074 quum
838 2992 1193 3074 supplicium
1216 3001 1358 3056 ante
1386 2993 1592 3055 oculos
1619 2992 1928 3070 haberent,
1965 2995 2168 3076 requi·-

74 3095 239 3142 rens.
281 3077 389 3152 Illi,
410 3079 461 3140 si
480 3079 553 3140 ab
574 3079 685 3142 alio
706 3077 1135 3154 occiderentur,
1152 3079 1352 3144 tristes
1371 3077 1688 3141 morituros
1711 3079 1894 3143 fuisse
1911 3094 2166 3161 respon·
2183 3083 2227 3146 6

78 3164 249 3238 dent;
273 3181 437 3227 nunc
452 3182 487 3226 a
504 3171 666 3226 tanto
684 3183 843 3244 rege,
865 3165 1089 3228 victore
1106 3164 1371 3230 omnium
1397 3165 1676 3245 gentium,
1697 3166 2022 3229 maioribus
2041 3162 2166 3225 suis

76 3249 348 3312 redditos
371 3250 689 3312 honestam
715 3261 987 3326 mortem,
1012 3269 1186 3331 quam
1215 3254 1400 3315 fortes
1420 3250 1527 3313 viri
1555 3259 1689 3312 voto
1721 3269 1960 3333 quoque
1983 3266 2170 3328 expc-

35 3415 37 3418 y
76 3343 292 3409 terent,
340 3334 696 3398 carminibus
742 3339 837 3400 sui
874 3337 1061 3400 moris
1092 3337 1426 3416 laetitiaque
1463 3335 1783 3399 celebrare.
1847 3337 2001 3397 Tum
2040 3351 2167 3414 rex,
2184 3335 2228 3403 ⁷

78 3423 315 3494 Quaero
338 3421 555 3520 itaque,
599 3421 806 3502 inquit,
850 3441 925 3485 an
960 3423 1153 3484 vivere
1184 3421 1374 3484 velitis
1403 3440 1528 3484 nen
1551 3420 1770 3482 inimici
1791 3418 1956 3492 mihi,
1996 3419 2168 3484 cuius

35 3573 38 3582 ,
78 3507 367 3578 beneficio
398 3507 603 3570 victuri
630 3503 823 3569 estis?
880 3506 989 3580 Illi,
1032 3523 1336 3584 nunquam
1371 3525 1441 3567 se
1463 3505 1734 3567 inimicos
1757 3501 1830 3572 ei,
1871 3504 1980 3563 sed
2012 3505 2228 3568 belloss

35 3587 38 3602 '
78 3593 387 3660 lacessitos
404 3595 611 3662 hostes
630 3591 811 3656 misse
832 3593 1219 3672 respondent.
1267 3591 1334 3652 Si
1349 3589 1480 3667 quis
1497 3588 1664 3666 ipsos
1687 3583 1976 3650 beneficio
1991 3607 2168 3668 quan
