2417 3900
197 108 278 167 so
635 106 732 166 DE
777 105 1039 167 cns‘rls
1082 106 1511 168 ALEXANDRI
1554 106 1797 166 MAGNI
1838 76 1841 78 ’

99 229 178 290 13
195 230 382 305 Aegre
415 225 608 304 paruit
643 226 941 299 Artabazo,
973 234 1031 284 et
1063 238 1416 305 quamquam
1449 244 1685 286 movere
1718 213 1906 284 castra
1947 229 2256 300 statuerat,

190 312 442 373 turbatis
475 320 666 371 tamen
695 310 952 371 omnium
980 312 1185 371 animis
1214 314 1421 372 eodem
1447 312 1509 372 in
1537 313 1666 371 loco
1694 308 1970 369 substitit.
2004 309 2137 369 'Sed
2160 319 2259 370 at-

196 398 414 473 tenitas
441 394 726 455 maestitia
751 396 926 455 simul
955 405 1015 455 et
1051 398 1460 475 desperatione
1498 394 1871 455 tabernaculo
1902 412 1967 453 se
1996 394 2258 479 inclusit.

96 482 180 543 14
197 483 392 563 Ergo
375 500 437 542 ιιι
475 480 696 553 castriS‚
741 498 888 558 quae
923 481 1141 541 nullius
1167 482 1563 559 regebantur
1547 480 1812 559 imperio,
1850 478 1994 538 varii
2021 476 2257 540 animo-

99 568 177 629 15
195 588 326 630 rum
351 556 542 627 mot'us
569 565 974 639 e1·ant‚necin
999 584 1327 647 commune,
1352 575 1416 627 ut
1438 565 2079 638 antea,cof1sule·.batur
2125 566 2258 626 Dux
2338 604 2343 607 -
2407 542 2408 551 ἵ

197 654 554 720 Graecorum
579 650 826 712 militum
849 651 1066 711 Patron
1093 666 1263 713 arma
1293 670 1501 729 capere
1534 670 1675 711 suos
1706 650 1868 710 iubet
1899 658 2258 729 paratosque

14 797 31 803 ,,
98 748 178 808 16
199 756 328 804 esse
365 739 440 798 ad
478 736 916 814 exsequendum
951 736 1279 815 Imperium.
1334 738 1546 796 Persae
1590 746 1987 796 secesserant:
2034 734 2258 795 Bessus

199 842 332 886 cum
368 822 688 883 Bactrianis
731 828 884 893 erat,
927 822 1304 899 tentabatque
1340 822 1555 882 Persas
1596 821 1915 891 abducere,
1956 818 2163 879 Bactra
2198 828 2260 880 et

107 955 115 971 .
195 909 446 970 intactae
474 905 730 981 regionis
757 906 1034 983 opulenta
1057 906 1363 985 simulque,
1392 924 1539 983 quae
1566 904 1937 965 manentibus
1964 904 2257 977 instarent

200 992 476 1072 pericula,
503 998 828 1052 ostentans,
870 989 1181 1051 Persarum
1197 990 1465 1069 *omnium
1490 992 1699 1051 eadem
1720 992 1839 1050 fere
1868 989 1973 1049 suit
1994 1008 2115 1059 vox,
2139 1006 2254 1064 ne„-

101 1084 180 1145 17
199 1079 288 1140 fas
315 1094 450 1137 esse
485 1073 678 1135 deseri
714 1092 934 1151 regem.
987 1076 1148 1136 Inter
1179 1077 1327 1137 haec
1350 1076 1668 1135 Artabazus
1694 1074 1971 1134 omnibus
2000 1074 2255 1151 impera-

189 1161 364 1227 toriis
391 1160 744 1237 fungebatur
771 1160 1008 1221 officiis:
1043 1162 1142 1221 ille
1174 1163 1485 1223 Persarum
1522 1160 1895 1219 tabernacula
1932 1157 2251 1231 circumire,

197 1245 442 1317 hortari,
472 1251 712 1305 monere
735 1262 897 1305 nunc
927 1244 1208 1322 singuloS,
1249 1264 1406 1306 nunc
1435 1245 1743 1306 universos
1762 1264 1887 1304 non
1914 1254 2049 1305 ante
2076 1243 2260 1303 desti-

203 1333 286 1405 tit,
314 1348 488 1408 quam
511 1329 650 1389 satis
679 1339 980 1402 constaret
1001 1331 1283 1409 imperata
1306 1323 1582 1391 facturos.
1626 1330 1795 1389 Idem
1817 1348 1990 1407 aegre
2014 1348 2047 1387 a
2064 1330 2262 1389 Dareo

203 1414 549 1495 impetravit,
575 1423 638 1475 ut
662 1413 855 1477 cibum
883 1414 1122 1493 caper'et
1143 1416 1521 1495 animumque
1544 1414 1719 1492 regis.

147 1513 182 1574 1
332 1501 418 1561 Ca
433 1521 489 1578 p.
513 1500 584 1559 X.
629 1502 704 1560 At
721 1500 946 1561 Bessus
973 1509 1030 1561 et
1049 1501 1417 1562 Nabarzanes
1454 1500 1593 1559 olim
1628 1500 1903 1577 agitatum
1940 1496 2133 1557 scelus
2162 1514 2255 1555 ex-

201 1586 368 1663 sequi
399 1592 660 1646 statuunt
697 1586 863 1661 regni
901 1585 1214 1663 cupiditate
1250 1585 1499 1657 accensi,
1534 1585 1721 1644 Dareo
1760 1590 1951 1644 autem
1982 1580 2266 1641 incolumi

113 1678 395 1741 -2tantas
431 1687 576 1747 opes
611 1686 848 1745 sperare
880 1688 1004 1729 non
1037 1678 1327 1747 poterant.
1386 1669 1617 1749 Quippe
1638 1670 1700 1729 in
1730 1668 1841 1729 illis
1866 1666 2140 1745 gentibus
2164 1684 2265 1725 re-

207 1772 348 1831 gum
371 1752 577 1813 eximia
598 1752 874 1812 maiestas
895 1762 1012 1813 estz
1039 1756 1111 1813 ad
1137 1772 1356 1814 nomen
1380 1772 1611 1832 quoque
1631 1754 1865 1815 barbari
1892 1750 2264 1823 conveniunt,

147 1848 186 1908 3
207 1847 266 1898 et
289 1835 570 1916 pristinae
582 1837 888 1897 *veneratio
914 1838 1184 1899 fortunae
1217 1839 1483 1916 sequitur
1515 1839 1839 1899 adversam.
1883 1838 2132 1897 Inflabat
2152 1838 2263 1896 im-

207 1921 340 2002 pios
365 1922 592 1982 animos
619 1922 800 1998 regio,
831 1922 920 1982 cui
946 1932 1271 2000 praeerant,
1310 1924 1491 1984 armis
1514 1924 1773 2004 virisque
1796 1932 1856 1984 et
1888 1922 2077 2001 spatio
2104 1923 2265 1982 loco-

195 2027 340 2088 ⁸rum
367 2007 512 2067 nulli
535 2025 736 2068 earum
763 2009 1022 2085 gentium
1043 2005 1321 2072 secunda.
1362 2009 1866 2087 Tertiam-partem
1884 2007 2053 2068 Asiae
2080 2015 2265 2067 tenet:

208 2092 518 2154 multitudo
549 2093 840 2154 iuniorum
870 2095 1173 2165 exercitus,
1203 2113 1352 2172 quos
1388 2095 1661 2154 amiserat
1682 2095 1923 2165 Darem,
1963 2092 2266 2170 aequabat.

85 2184 90 2188 ’
149 2177 408 2258 41taque
429 2196 552 2240 non
572 2178 734 2238 illum
765 2179 962 2250 modo,
983 2180 1090 2240 sed
1115 2180 1287 2241 etiam
1312 2179 1701 2239 Alexandrum
1730 2178 2104 2257 spernebant,
2130 2176 2267 2236 inde

153 2273 190 2331 5
213 2263 360 2324 vires
383 2263 612 2342 imperii
634 2263 950 2342 repetituri,
975 2265 1027 2324 si
1051 2265 1307 2342 regionis
1332 2264 1507 2344 potiri
1534 2264 1891 2341 contigisset.
1932 2263 2045 2322 Diu
2074 2261 2267 2321 omni-

209 2349 321 2412 bus
350 2349 610 2430 cogitatis
639 2349 854 2426 placuit
874 2368 982 2426 per
1005 2350 1215 2410 milites
1234 2350 1595 2419 Bactrianos,
1618 2349 1695 2409 ad
1716 2367 1889 2409 omne
1914 2347 2265 2425 obsequium

213 2434 552 2504 destinatoS‚
580 2451 776 2509 regem
801 2436 1316 2512 comprehendere,
1335 2433 1597 2530 mittique
1621 2435 1897 2496 nuncium
1920 2433 1994 2491 ad
2018 2433 2269 2491 Alexan-

153 2524 194 2584 6
217 2518 404 2588 (irum,
434 2517 528 2594 qui
556 2516 855 2590 indicaret,
883 2518 1072 2579 vivum
1102 2519 1389 2581 asservari
1416 2537 1567 2591 eum,
1600 2518 1673 2590 si,
1700 2519 1759 2578 id
1784 2518 1944 2597 quod
1971 2517 2269 2588 timebant,

215 2599 608 2678 proditionem
647 2611 990 2679 aspernatus
1023 2611 1198 2674 esset,
1233 2604 1483 2664 occisuri
1513 2594 1782 2663 Dareum
1800 2611 1859 2663 et
1892 2603 2103 2662 Bactra
2138 2619 2273 2662 cum

157 2692 195 2751 7
215 2701 454 2748 suarum
473 2683 730 2761 gentium
755 2704 930 2748 manu
950 2688 1204 2764 petituri.
1244 2689 1513 2750 Ceterum
1530 2689 1831 2766 propalam
1852 2685 2275 2782 comprehendi

215 2771 436 2830 Dareus
471 2788 592 2830 non
629 2778 882 2849 poterat,
926 2780 1010 2832 tot
1043 2774 1355 2834 Persarum
1393 2755 1627 2838 milibus
1662 2773 1861 2832 laturis
1895 2791 2075 2868 opem
2118 2771 2271 2848 regi:

159 2860 197 2920 8
219 2855 576 2914 Graecorum
606 2874 834 2934 quoque
869 2857 1016 2918 fides
1044 2857 1371 2920 timebatur.
1425 2859 1627 2936 Itaque
1667 2859 1825 2935 quod.
1858 2857 1912 2916 vi
1946 2875 2069 2918 non
2103 2865 2278 2937 pote-

216 2947 374 3018 rant,
405 2940 606 3000 fraude
637 2941 867 3020 assequi
893 2951 1145 3004 tentant:
1172 2944 1587 3022 poenitentiam
1616 2943 1971 3004 secessionis
1998 2943 2277 3003 simulare

220 3027 599 3086 decreverant
641 3035 700 3086 et
738 3044 1016 3088 excusare
1064 3030 1220 3105 apud
1264 3047 1463 3106 regem
1508 3029 2043 3090 consternationem
2086 3043 2277 3088 suam.

161 3112 198 3170 9
218 3109 452 3172 Interim
481 3111 578 3188 qui
601 3109 810 3170 Persas
819 3111 1230 3186 sollicitarent,
1252 3114 1577 3178 mittuntur.
1622 3112 1773 3172 Hinc
1794 3130 1923 3190 spe,
1944 3113 2089 3172 hinc
2110 3120 2278 3172 metu

219 3195 494 3256 militares
521 3195 746 3256 animos
773 3204 1033 3277 versant:
1071 3197 1277 3258 ruinae
1302 3217 1503 3258 rerum
1528 3197 1783 3258 subdere
1813 3198 1947 3259 illos
1974 3196 2185 3275 capita,
2217 3197 2281 3255 in

222 3279 538 3358 perniciem
568 3280 734 3352 trahi,
769 3299 942 3358 quum
981 3281 1187 3342 Bactra
1224 3291 1476 3360 pateant,
1510 3289 1824 3360 exceptura
1862 3301 1965 3344 eos
2004 3281 2183 3343 donis
2222 3287 2285 3340 et

14 3415 18 3444 =
227 3365 538 3452 opulentia,
565 3365 771 3428 animis
797 3385 968 3442 quam
992 3369 1299 3446 concipere
1324 3387 1441 3430 non
1465 3368 1715 3446 possint.

15 3505 20 3534 k
132 3448 208 3509 10
349 3449 506 3510 Haec
539 3443 887 3530 agitantibus
915 3452 1230 3514 Artabazus
1260 3454 1601 3531 supervenit
1626 3452 1746 3514 sive
1771 3449 1927 3528 regis
1954 3449 2125 3509 iussu
2153 3466 2283 3508 sive

225 3553 332 3594 sua
369 3546 578 3614 sponte
612 3539 926 3645 affirmans,
961 3537 1285 3616 mitigatum
1322 3555 1458 3632 3333
1492 3538 1766 3648 Dareum
1780 3541 1841 3606 et
1870 3534 2131 3599 eundem
2163 3530 2283 3594 illis
