2417 3900
541 76 681 137 Llss.
718 74 995 157 vi.(1v.)
1032 76 1191 143 car,
1225 78 1324 139 vl.
1363 74 1660 139 24—36.
2033 78 2157 139 105

80 212 212 255 cum
240 192 511 275 Philippo
548 204 742 257 erant:
790 212 860 256 ex
886 194 1069 273 Lydia
1099 215 1147 259 11
1176 194 1340 259 mffia
1367 204 1431 258 et
1455 213 1547 273 nc,
1587 195 1936 277 peregrinus
1969 198 2160 276 milesg

78 282 465 341 advenerant:
528 302 632 343 ccc
690 279 915 357 equites
968 280 1159 357 gentis
1210 282 1476 343 eiusdem
1529 282 1949 362 sequebantur.
2039 286 2162 349 Hac
2179 283 2268 349 36

76 385 256 427 manu
286 367 515 427 adiecta
545 369 815 444 Drangas
840 365 1129 443 pervenit.
1198 367 1485 429 Bellicosa
1511 370 1674 431 natio
1699 375 1813 429 est.
1885 368 2164 453 Satrapes

76 461 202 513 erat
238 453 618 526 Βειιῑειόιιιθε,
664 450 905 514 sceleris
940 450 1002 511 in
1041 468 1245 530 regem
1283 472 1460 517 suum
1495 456 1794 535 partior-ps
1828 454 2041 518 Besso.
2106 459 2164 519 Is
2251 446 2264 472 ⁸

74 539 527 619 suppliciorum,
556 557 707 619 quae
732 546 1047 611 meruerat,
1074 545 1236 601 metu
1260 538 1562 619 profugit
1547 560 1606 601 m
1634 542 1881 602 Indiam.

185 626 275 685 Ca
289 644 351 706 p.
368 624 492 687 Vll.
522 624 645 687 Iam
664 642 887 691 nonum
906 624 1059 685 diem
1080 624 1286 687 stativa
1309 636 1497 699 erant,
1516 646 1691 705 quum
1711 637 1952 689 externa
1972 626 2027 688 vi
2046 645 2168 688 non
2193 625 2226 686 1

66 718 237 773 tutus
266 712 449 771 modo
476 730 598 785 rex,
624 710 729 771 sed
755 708 1025 784 invictuS‚
1044 710 1327 775 intestino
1351 711 1613 773 facinore
1636 714 1963 793 petebatur.
2008 712 2172 775 Dim-

64 816 213 871 nus,
233 796 501 857 modicae
522 798 676 877 apud
696 814 897 875 regem
915 797 1276 859 auctoritatis
1297 806 1354 860 et
1373 798 1615 877 gratiae,
1637 798 1868 871 exoleti,
1887 798 1981 861 cui
1994 800 2171 862 Nico·
2191 795 2232 857 2

13 930 15 937 .
63 882 291 943 macho
314 892 437 945 erat
454 885 688 957 nomen,
719 900 917 943 amore
936 884 1238 963 flagrabat,
1259 884 1552 967 obsequio
1575 885 1680 949 uni
1694 884 1807 946 sibi
1831 885 2012 947 dediti
2033 905 2170 949 cor-

62 968 243 1051 poris
267 970 510 1031 vinctuS.
555 971 631 1044 Is,
663 970 819 1051 quod
853 989 923 1029 ex
950 972 1111 1033 vultu
1128 990 1370 1051 quoque
1391 971 1651 1052 perspici
1680 969 1932 1051 poterat,
1961 973 2169 1036 similis
2189 978 2231 1041 3

68 1052 324 1117 attonito
349 1056 587 1118 remotis
609 1056 844 1119 arbitris
873 1075 1007 1119 cum
1032 1056 1244 1119 iuvene
1271 1057 1517 1120 secessit
1539 1060 1600 1119 in
1621 1059 1928 1139 templum,
1955 1078 2172 1122 arcana

69 1160 139 1202 se
166 1145 224 1201 et
251 1141 476 1203 silenda
500 1144 709 1205 afferre
734 1144 1058 1221 praefatae,
1084 1162 1565 1223 suspensumque
1595 1145 2036 1224 exspectatione
2063 1163 2174 1224 per
2194 1151 2235 1210 4

68 1236 337 1289 mutuam
366 1230 667 1291 caritatem
699 1237 761 1289 et
782 1228 1031 1307 pignora
1056 1229 1366 1309 utriusque
1401 1230 1582 1289 animi
1607 1241 1798 1307 rogat,
1825 1238 1892 1289 ut
1921 1232 2176 1292 affirmet

66 1314 477 1390 iureiurando,
524 1332 675 1393 quae
704 1312 1113 1386 commisisset,
1154 1314 1393 1375 silentio
1434 1332 1566 1375 esse
1597 1321 1912 1375 tectarum.
1980 1316 2054 1377 Et
2077 1314 2174 1377 ille
2195 1322 2234 1380 5

65 1408 257 1473 ratuS,
283 1401 449 1475 nihil,
478 1400 639 1478 quod
667 1398 841 1459 etiam
870 1417 1003 1459 cum
1030 1398 1286 1475 periurio
1317 1400 1712 1477 detegendum
1743 1400 1912 1474 foret,
1948 1399 2175 1463 indica-

68 1495 295 1561 turum,
345 1506 457 1566 per
484 1491 832 1563 praesentes
860 1484 1007 1549 deo-s
1034 1483 1203 1545 iurat.
1271 1486 1422 1545 Tum
1451 1485 1696 1547 Dimnus
1721 1485 1929 1565 aperit,
1966 1486 2030 1549 in
2057 1497 2176 1549 ter·
2194 1502 2236 1562 6

67 1572 229 1633 tium
256 1572 415 1633 diem
431 1571 571 1649 regi
604 1568 850 1629 insidias
876 1578 1246 1648 comparatas
1285 1586 1474 1650 seque
1509 1570 1636 1633 eius
1663 1571 1896 1633 consilii
1926 1573 2178 1635 fortibus

64 1658 219 1720 viris
261 1666 322 1719 et
354 1656 681 1719 illustribus
716 1674 851 1717 esse
884 1656 1254 1737 participem.
1325 1656 1558 1731 Quibus
1594 1658 1824 1721 iuvenis
1858 1660 2074 1723 auditis
2111 1670 2238 1731 se?v
2308 1704 2312 1709 -

62 1762 222 1808 vero
253 1744 433 1805 fldem
458 1743 522 1806 in
546 1742 861 1822 parricidio
890 1742 1128 1805 dedisse
1150 1752 1504 1806 constanter
1535 1744 1759 1821 abnuit,
1801 1762 1913 1809 nec
1935 1747 2052 1809 ulla
2078 1766 2177 1810 re-

13 1898 15 1901 ,
61 1828 321 1909 ligione,
347 1838 427 1891 'ut
452 1831 645 1891 scelus
670 1838 844 1909 tegat,
882 1848 1065 1909 posse
1102 1830 1446 1912 constringi.
1513 1831 1764 1895 Dimnus
1799 1842 1856 1895 et
1889 1852 2092 1895 amore
2117 1840 2237 1903 et8

13 1916 16 1945 Ι

66 1924 243 1980 metu
269 1934 473 1979 amens
503 1918 766 1979 dextram
796 1917 1009 1980 exoleti
1035 1918 1386 1998 complexus
1415 1926 1474 1980 et
1499 1918 1814 1984 lacrimans
1841 1938 2014 1984 orare
2050 1920 2176 2002 pri·

68 2021 263 2078 mum,
296 2013 361 2065 ut
388 2003 686 2084 particeps
717 2003 943 2066 consilii
976 2005 1294 2085 operisque
1318 2008 1514 2080 fieret,
1557 2007 1608 2068 si
1641 2007 1700 2068 id
1727 2008 2025 2069 sustinere
2053 2025 2176 2070 non
2197 2013 2236 2072 9

73 2098 303 2172 posset,
343 2100 601 2152 attamen
626 2109 703 2152 ne
727 2091 1007 2171 proderet
1032 2110 1117 2164 se,
1161 2093 1329 2154 cuius
1355 2109 1493 2168 erga
1518 2091 1718 2170 ipsum
1740 2093 2179 2154 benivolentiae

72 2185 314 2250 praeter
361 2177 473 2238 alia
517 2177 633 2237 hoc
697 2195 937 2255 quoque
981 2177 1231 2238 haberet
1273 2176 1665 2239 fortissimum
1705 2177 1954 2255 pignus,
2017 2177 2176 2255 quod

77 2271 261 2343 caput
301 2280 474 2323 suum
520 2261 889 2340 permisisset
930 2261 1069 2322 fidei
1109 2263 1307 2322 adhuc
1346 2261 1721 2338 inexpertae3
1789 2263 1870 2323 ad
1908 2261 2178 2322 ultimum
2202 2263 2284 2324 10

78 2346 345 2409 aversari
372 2348 569 2407 scelus
593 2353 1070 2424 perseverantem
1094 2354 1258 2407 metu
1287 2347 1494 2411 mortis
1516 2354 1727 2406 terret:
1765 2347 1838 2406 ab
1866 2345 1964 2406 illo
1991 2345 2180 2426 capite

78 2434 426 2506 coniuratos
468 2431 935 2512 pulcherrimum
989 2431 1217 2494 facinus
1265 2431 1670 2494 inchoaturos.
1761 2432 1918 2493 Alias
1966 2429 2179 2493 deinde
2204 2442 2280 2505 Π

78 2520 489 2582 effeminatum
530 2527 589 2580 et
611 2517 979 2580 muliebriter
1000 2518 1290 2591 timidum,
1329 2519 1470 2580 alias
1496 2517 1864 2599 proditorem
1901 2519 2179 2582 amatoris

79 2607 414 2687 appellanS‚
440 2624 601 2668 nunc
624 2604 883 2682 ingentia
910 2605 1285 2684 promittens,
1309 2605 1722 2685 interdumque
1749 2623 1999 2684 regnum
2029 2626 2180 2687 quo-

82 2711 206 2772 que
222 2739 239 2765 ‚
307 2693 579 2756 versabat
634 2692 893 2756 animum
950 2699 1113 2752 tanto
1162 2691 1422 2753 facinore
1480 2691 1687 2772 procul
1739 2692 2179 2756 abhorrentem.

80 2777 368 2842 Strictum
386 2779 601 2842 deinde
622 2778 879 2858 gladium
896 2779 1077 2840 modo
1094 2777 1270 2858 illius²
1287 2779 1466 2842 modo
1487 2797 1598 2841 suo
1618 2779 1939 2842 admovens
1956 2781 2178 2860 iugale,
2204 2785 2284 2848 12

82 2863 343 2946 supplex
376 2865 535 2929 idem
562 2875 619 2929 et
642 2866 890 2928 infestus
918 2865 1208 2944 expressit
1234 2867 1497 2940 tandem,
1527 2872 1594 2927 ut
1621 2885 1742 2926 non
1781 2867 1972 2928 solum
1997 2869 2180 2930 silen—

83 2950 257 3026 tium,
284 2951 390 3012 sed
423 2951 594 3014 etiam
619 2971 861 3032 operam
884 2952 1279 3032 polliceretur.
1345 2953 1610 3031 Namque
1639 2952 1875 3016 abunde
1901 2965 2183 3018 constan·
2203 2957 2308 3019 13⁴

82 3038 164 3100 tis
190 3037 389 3114 animi,
416 3045 473 3101 et
496 3039 731 3119 dignm,
753 3037 853 3118 qui
880 3038 1131 3118 pudicus
1156 3045 1330 3112 esset,
1355 3039 1500 3101 nihil
1523 3039 1864 3118 erpristina
1887 3043 2183 3104 voluntate

84 3132 437 3202 mutaverat,
462 3126 571 3188 sed
597 3144 666 3186 se
690 3133 929 3204 captum
944 3124 1141 3188 Dimni
1160 3141 1360 3186 amore
1385 3125 1698 3189 simulabat
1718 3127 1861 3188 nibil
1882 3143 2180 3190 recusare.

90 3210 397 3274 Sciscitari
420 3173 559 3274 inde
582 3209 795 3292 pergit,
838 3229 971 3274 cum
1000 3211 1216 3290 quibus
1238 3220 1430 3277 tautae
1459 3211 1550 3274 rei
1577 3213 1918 3276 societatem
1943 3214 2179 3274 inisset.
2202 3211 2298 3274 14·

88 3298 409 3379 plurimum
450 3299 691 3372 referre,
736 3297 937 3378 quales
972 3296 1079 3360 viri
1118 3307 1240 3361 tam
1273 3295 1642 3363 memorabili
1677 3301 1846 3380 operi
1887 3294 2182 3359 admoturi

90 3403 308 3448 manus
333 3392 551 3446 essent.
617 3384 720 3446 llle
747 3390 805 3446 et
828 3401 1029 3449 amore
1057 3393 1116 3447 et
1136 3387 1364 3448 scelere
1381 3387 1536 3448 male
1561 3401 1743 3448 sanus
1773 3385 1945 3446 simul
1967 3379 2180 3458 gratias
2203 3383 2284 3448 15

93 3470 235 3552 agit,
261 3471 432 3534 simul
462 3471 809 3550 gratulatur,
834 3471 991 3550 quod
1019 3469 1377 3534 fortissimus
1399 3474 1676 3536 iuvenum
1703 3486 1827 3532 non
1853 3466 2185 3531 dubitasset
2297 3489 2304 3496 ·

94 3577 165 3620 se
216 3557 542 3638 adiungere
570 3556 893 3634 Demetrio,
912 3559 1182 3639 corporis
1217 3561 1478 3634 custodi,
1519 3557 1811 3622 Peucolao
1826 3601 1842 3629 ,
1883 3552 2184 3619 Nicanori.
