2417 3900
274 126 400 188 172
738 128 839 189 nn
884 128 1145 191 unsris
1189 109 1618 193 ALEXA'Nnni
1661 132 1902 193 mem

272 266 425 326 rupe
448 247 647 326 lapsos
672 248 863 312 amnis
886 250 1312 329 praeterfluens
1333 253 1544 329 hausit,
1567 250 1736 312 triste
1759 250 2156 330 spectaculum
2185 250 2351 311 etiam

272 352 397 393 non
432 332 933 411 periclitantibns3
976 353 1155 415 quum
1184 356 1320 399 vero
1358 338 1546 400 alieno
1577 336 1768 411 exitio,
1809 336 1946 415 quid
1973 335 2118 414 ipsis
2145 335 2352 397 timen-

276 418 414 480 dum
442 420 613 490 foret,
642 420 1124 496 admonerentur:
1147 422 1209 482 in
1235 432 1458 485 metum
1487 422 1886 485 misericordia
1913 426 2082 482 versa
2111 439 2236 483 non
2261 441 2353 483 ex-

172 508 253 573 13
274 504 541 575 stinctoS,
586 506 691 565 sed
721 515 907 567 semet
932 505 1099 585 ipsos
1126 508 1442 571 deflebant.
1509 510 1582 573 Et
1605 508 1720 569 iam
1745 526 1816 569 eo
1844 516 2192 587 perventum
2221 518 2352 583 erat,

272 590 431 649 unde
458 588 586 649 sine
606 591 865 669 pernicie
884 592 998 652 nisi
1020 592 1274 655 victores
1293 596 1488 655 redire
1509 614 1632 657 non
1655 604 1922 674 possent,-
1941 593 2116 671 ingen
2125 592 2202 655 tia
2221 612 2353 655 saxa
2400 646 2401 653 ,

268 673 332 733 in
366 673 687 757 subeuntes
722 679 1202 754 provolventibus
1239 680 1522 756 barbaris,
1572 685 1702 760 quis
1729 680 1982 759 perculsi
2016 680 2279 741 instabili
2305 690 2354 741 et

172 762 252 823 14
270 758 496 819 lubrico
525 762 711 837 gradu
736 762 1087 843 praecipites
1112 764 1470 827 recidebant.
1535 767 1860 829 Evaserant
1884 774 2084 826 tamen
2107 766 2350 826 Alexan-

272 844 380 904 der
414 854 472 903 et
499 846 740 922 CharuS,
789 867 939 928 quos
976 868 1109 909 cum
1140 869 1257 911 xxx
1294 851 1536 914 delectis
1569 852 1954 933 praemiserat
1983 870 2106 925 rex,
2151 859 2211 912 et
2247 853 2350 913 iam
2399 872 2401 899 l

272 946 539 1006 pugnare
569 932 836 993 cominus
865 943 1209 1013 coeperant3
1247 937 1354 997 sed
1383 956 1561 1016 quum
1591 956 1846 1017 superne
1869 938 1982 999 tela
2008 926 2249 999 barbari
2269 938 2350 999 in-

170 1017 249 1078 15
272 1024 569 1091 gererent,
630 1017 866 1096 saepius
916 1019 1029 1097 ipsi
1084 1020 1443 1084 feriebantur
1493 1018 1668 1104 quam
1723 1023 2123 1085 vulnerabant.
2198 1024 2348 1104 Ergo

268 1099 619 1175 Alexander,
647 1113 705 1162 et
730 1104 985 1165 nominis
1012 1105 1101 1165 sui
1130 1114 1186 1169 et
1208 1108 1485 1185 promissi
1509 1128 1757 1184 memor,
1785 1110 1925 1172 dum
1961 1109 2154 1171 acrius
2179 1128 2352 1187 quam

168 1187 251 1248 16
270 1186 496 1246 cautius
526 1186 775 1261 dimicat,
822 1192 1133 1253 confossus
1168 1194 1429 1273 undique
1465 1196 1753 1259 obruitur.
1818 1196 2005 1268 Quem
2042 1201 2106 1258 ut
2129 1194 2348 1256 Charus

264 1270 553 1332 iacentem
590 1276 911 1354 conspexit,
955 1294 1127 1338 ruere
1152 1277 1216 1339 in
1236 1279 1488 1355 hostem,
1531 1282 1793 1342 omnium
1817 1292 2052 1361 praeter
2071 1280 2348 1342 ultionem

264 1356 595 1432 immemor,
640 1360 851 1440 coepit,
896 1363 1228 1443 multosque
1261 1366 1448 1440 hasta,
1491 1368 1776 1446 quosdam
1813 1367 2002 1445 gladio
2043 1366 2348 1428 interemit.

268 1442 385 1503 Sed
414 1462 591 1523 quum
615 1452 705 1506 tot
728 1465 909 1509 unum
932 1448 1300 1513 incesserent
1323 1471 1554 1526 manuS‚
1581 1472 1762 1533 super
1781 1452 1951 1513 amici
1974 1471 2194 1531 corpus
2217 1472 2345 1533 pro·

169 1535 249 1597 17
269 1529 468 1590 cubuit
494 1531 793 1592 exanimis·
840 1532 1012 1595 Haud
1040 1554 1233 1611 secuS‚
1270 1556 1444 1616 quam
1472 1557 1582 1618 par
1607 1549 1746 1612 erat,
1776 1538 2344 1617 promptissimorum

266 1615 545 1675 iuvenum
565 1625 1009 1699 ceterorumque
1023 1621 1270 1683 militum
1287 1623 1522 1687 interitu
1541 1632 1993 1686 commotus-rex
2011 1623 2250 1703 signum
2265 1644 2348 1686 re-

169 1702 249 1766 18
270 1700 464 1779 ceptui
491 1699 670 1762 dedit.
719 1702 903 1763 Saluti
926 1706 1050 1778 fuit,
1080 1708 1238 1784 quod
1259 1711 1478 1770 sensim
1503 1720 1562 1773 et
1582 1711 1858 1790 intrepidi
1887 1729 1952 1772 se
1971 1722 2347 1791 receperunt3

266 1792 330 1845 et
348 1784 585 1844 barbari
609 1785 842 1848 hostem
869 1789 1167 1867 depulisse
1194 1795 1454 1867 contenti
1487 1816 1608 1872 non
1632 1797 1899 1859 institere
1924 1797 2293 1859 cedentibus·

170 1872 247 1933 19
391 1869 661 1930 Ceterum
679 1871 1007 1934 Alexander
1024 1894 1203 1954 quum
1226 1880 1527 1941 statuisset
1548 1883 1830 1945 desistere
1849 1881 2088 1964 incepto
2111 1881 2350 1965 (quippe

266 1953 429 2014 nulla
456 1972 595 2031 spes
617 1958 937 2034 potiundae
962 1969 1166 2038 petrae
1193 1966 1595 2048 offerebatur),
1641 1978 1836 2031 tamen
1865 1969 2130 2049 speciem
2155 1979 2350 2032 osten-

268 2037 353 2098 dit
375 2030 771 2102 in⁸obsidione
798 2049 1254 2122 perseverantis.
1301 2051 1448 2113 Nam
1485 2062 1541 2113 et
1576 2055 2074 2117 itinera'obsideri
2100 2056 2270 2118 iussit
2299 2064 2351 2116 et

165 2127 249 2190 20
268 2131 464 2185 turres
507 2125 807 2190 admoveri
841 2140 898 2193 et
931 2131 1181 2210 fatigatis
1227 2136 1371 2198 alios
1406 2141 1746 2202 succedere.
1814 2140 1988 2202 Cuius
2025 2143 2350 2221 pertinacia

261 2210 498 2290 cognita
535 2211 665 2275 lndi
708 2233 816 2294 per
846 2215 1089 2280 biduum
1125 2220 1364 2300 quidem
1401 2243 1472 2285 ac
1503 2218 1652 2288 duas
1687 2234 1894 2288 noctes
1927 2245 2062 2288 cum
2097 2237 2350 2291 ostenta-

264 2295 426 2359 tione
449 2315 573 2359 nou
596 2299 843 2362 fiduciae
868 2304 1065 2378 modo,
1109 2307 1218 2367 sed
1249 2310 1423 2370 etiam
1445 2310 1721 2374 victoriae
1747 2313 1963 2394 epulati
1995 2322 2157 2388 sunt,
2209 2325 2350 2395 tym-
2400 2369 2401 2372 ,

162 2382 243 2446 21
264 2399 418 2462 pana
456 2401 565 2444 suo
596 2403 765 2446 more
791 2387 1112 2466 pulsanteS,
1175 2392 1374 2456 Tertia
1407 2414 1546 2457 vero
1576 2409 1750 2461 nocte
1783 2407 2198 2479 tympanorum
2223 2400 2352 2478 qui-

265 2467 401 2529 dem
438 2471 719 2550 strepitus
761 2473 1013 2537 desierat
1046 2477 1262 2553 audiri3
1308 2490 1567 2544 ceterum
1593 2485 1666 2544 'ex
1705 2492 1830 2545 tota
1857 2493 2027 2564 petra
2059 2487 2219 2548 faces
2255 2503 2354 2546 re-

259 2553 581 2630 fulgebant,
626 2575 771 2635 quas
805 2561 1195 2626 accenderant
1223 2565 1476 2642 barbari,
1523 2577 1584 2630 ut
1618 2569 1800 2631 tutior
1831 2566 1998 2633 'esset
2019 2571 2175 2652 ipsis
2203 2573 2349 2651 fuga,

162 2639 245 2700 22
265 2637 519 2700 obscura
544 2652 717 2704 nocte
747 2662 856 2723 per
876 2645 1027 2707 invia
1054 2667 1193 2710 saxa
1222 2645 1499 2715 cursui-is,
1564 2655 1692 2716 Rex
1717 2655 1978 2732 Balacro,
2005 2657 2109 2737 qui
2135 2677 2352 2738 specu-

261 2722 500 2797 laretur,
548 2727 875 2812 praemisso
903 2735 1206 2810 cognoscit
1239 2748 1462 2818 petram
1499 2740 1634 2819 suga
1661 2741 1941 2804 Indorum
1971 2761 2107 2826 esse
2131 2742 2353 2806 *deser-

150 2813 155 2822 '
262 2815 403 2868 tam.
468 2809 619 2870 Tum
660 2812 796 2874 dato
833 2815 1021 2894 signo,
1062 2830 1126 2882 ut
1165 2823 1426 2887 universi
1467 2826 1916 2904 conclamarent,
1959 2828 2355 2910 incomposite

160 2891 243 2954 23
264 2893 625 2970 fugientibus
652 2907 871 2962 metum
908 2902 1180 2968 incussit:
1219 2911 1522 2991 multique,
1564 2921 1842 2992 tanquam
1874 2914 2118 2977 adesset
2143 2917 2354 2985 hostis,
2399 2935 2401 2968 ἐ

150 2991 157 3008 ·
263 2996 373 3059 per
412 2979 636 3042 lubrica
682 3003 818 3046 saxa
855 3007 1079 3068 perque
1126 2993 1312 3056 invias
1351 3006 1515 3075 potes
1563 2999 1929 3079 praecipitati
1976 3001 2353 3074 occiderunt;
2400 3003 2401 3044 Τ

264 3063 465 3144 plures
490 3065 679 3146 aliqua
698 3075 1099 3136 membrorum
1126 3089 1294 3157 parte
1317 3083 1552 3146 mulcati
1577 3079 1922 3164 abintegris
1949 3086 2180 3149 deserti
2203 3095 2352 3150 sunt.

158 3145 243 3207 24
262 3147 405 3226 Rex,
431 3153 699 3216 locorum
726 3159 912 3237 magis
938 3179 1111 3239 quam
1141 3165 1401 3229 hostium
1426 3170 1631 3245 victor,
1669 3179 1866 3232 tamen
1887 3190 2144 3251 magnae
2171 3175 2352 3236 victo-
2400 3157 2401 3184 }

258 3233 383 3297 riae
410 3238 639 3318 magnis
661 3244 965 3306 sacrificiis
992 3255 1050 3307 et
1074 3249 1230 3310 cultu
1255 3251 1428 3332 deum
1457 3256 1752 3319 satisfecit.
1796 3257 1946 3320 Arae
1972 3258 2033 3319 in
2061 3267 2252 3338 petra
2275 3262 2352 3320 lo-

262 3332 424 3384 catae
450 3333 591 3387 sunt
615 3325 911 3390 Minervae
934 3331 1355 3416 Victoriaeque.
1408 3334 1669 3405 Ducibus
1694 3343 1937 3419 itineris,
1971 3363 2126 3424 quos
2155 3347 2356 3408 subire
2400 3351 2401 3358 ’

144 3402 154 3454 ἱ
256 3406 511 3473 iusserat
551 3413 753 3477 leviter
794 3425 1081 3492 armatos,
1129 3420 1240 3482 etsi
1283 3426 1592 3504 promissis
1636 3429 1866 3491 minora
1907 3431 2357 3510 praestiterant,

258 3494 513 3570 pretium
542 3518 672 3561 cum
699 3501 816 3562 fide
842 3502 1135 3565 redditum
1164 3515 1284 3584 est;
1323 3521 1525 3592 petrae
1548 3514 1924 3594 regionisque
1951 3516 2002 3578 ei
2028 3517 2357 3580 >adiunctae

259 3575 561 3645 Sisocosto
586 3588 767 3650 tutela
790 3586 1099 3670 permissa.
