2417 3900
601 124 747 187 un.
790 126 857 187 v,
902 124 1061 205 (ιιι.)
1134 128 1292 189 cAP.
1333 128 1434 189 lx.
1515 125 1552 187 1
1663 124 1765 188 12.
2119 112 2208 185 85*

133 243 397 307 hendere
422 252 481 304 et
502 243 722 305 vincire
748 242 1152 317 decreverant,
1168 263 1248 319 rea
1267 258 1482 321 mente,
1505 256 1591 320 ut,
1613 244 1666 307 si
1687 244 2018 307 Alexander
2037 244 2208 325 ipsos

130 332 479 410 insequutus
496 330 671 404 foret,
688 336 778 389 tra
785 328 906 389 dito
924 346 1067 407 rege
1086 329 1218 391 vivo
1237 330 1456 395 inirent
1471 331 1716 411 gratiam
1737 329 1992 403 victoris,
2009 331 2210 411 magni

126 418 401 497 profecto
438 414 673 495 cepisse
708 415 963 475 Dareum
997 414 1384 492 aestimaturi,
1424 418 1516 481 sin
1549 426 1749 480 autem
1783 433 1920 477 eum
1952 416 2211 495 effugere

128 501 487 583 potuissent,
510 498 825 562 interiecto
848 499 1057 575 Dareo,
1076 519 1329 579 regnum
1347 503 1462 565 sibi
1485 510 1848 584 occuparent
1869 500 2214 580 bellumque

126 596 509 651 renovarent.
554 586 684 647 Hoc
704 584 1077 665 parricidium
1107 606 1290 667 quum
1317 589 1418 653 diu
1439 590 1820 665 volutassent,
1838 587 2272 652 Nabar-zama

130 674 363 737 aditum
396 671 655 733 nefariae
692 671 818 751 spei
854 689 1236 753 praeparans,
1279 675 1436 749 Scio,
1469 694 1590 749 me,
1625 674 1827 755 inquit,
1861 672 2215 735 sententiam

130 778 271 821 esse
297 758 607 832 dicturum,
638 756 827 838 prima
850 760 1051 839 specie
1074 761 1538 843 haudquaquam
1561 761 1803 827 auribus
1825 760 1948 821 tuis
1969 767 2216 838 gratam.

136 846 261 907 Sed
295 842 503 905 medici
532 862 767 925 quoque
798 844 1092 923 graviores
1122 849 1370 909 morbos
1407 847 1638 927 asperis
1674 845 1952 909 remediis
1983 853 2212 919 curant,
2275 908 2280 913 .

138 940 198 993 et
230 930 609 1009 gubernator,
648 930 749 992 uhi
782 932 1154 1011 naufragium
1182 934 1366 1009 timet,-
1395 934 1640 1009 iactura,
1673 932 1958 1013 quidquid
1987 931 2215 995 servari

133 1023 349 1096 potest,
372 1015 623 1079 redimit.
664 1016 791 1096 Ego
813 1025 1031 1093 tamen,
1050 1038 1173 1081 non
1192 1028 1260 1082 ut
1275 1022 1554 1083 damnum
1579 1021 1820 1099 quidem
1843 1018 2042 1091 facias,
2071 1034 2213 1081 sua-
2233 1023 2275 1077 4

134 1104 267 1177 deo,
306 1102 411 1163 sed
437 1110 501 1163 ut
530 1111 589 1165 te
622 1121 693 1164 ac
726 1120 977 1182 regnum
1004 1114 1173 1167 tuum
1194 1107 1414 1169 salubri
1445 1106 1674 1169 ratione
1703 1122 2044 1166 conserves·
2089 1102 2213 1164 Diis

134 1188 397 1249 adversis
430 1188 653 1251 bellum
690 1189 928 1264 inimuS,
962 1199 1021 1250 et
1046 1193 1318 1270 pertinax
1349 1195 1585 1253 fortuna
1613 1193 1824 1253 Persas
1855 1206 2066 1267 urgere
2091 1206 2216 1249 non

134 1274 369 1337 desinit.
412 1272 595 1335 Novis
622 1273 803 1338 initiis
830 1284 893 1336 et
908 1276 1207 1339 ominibus
1229 1297 1384 1356 opus
1411 1285 1522 1337 est.
1564 1275 1996 1354 Auspiciumret
2026 1273 2218 1352 impe-

132 1360 286 1423 rium
314 1359 415 1421 alii
439 1359 613 1420 trade
636 1360 892 1433 interim,
928 1360 1033 1438 qui
1064 1370 1187 1421 tam
1215 1362 1317 1423 diu
1349 1380 1452 1423 rex
1475 1362 1821 1439 appelletur,
1859 1360 2053 1421 donec
2081 1358 2217 1421 Asia

138 1446 387 1507 decedat
423 1444 635 1517 hostis,
671 1444 862 1506 victor
896 1444 1113 1507 deinde
1144 1464 1397 1523 regnum
1430 1446 1538 1507 tibi
1570 1446 1799 1507 reddat.
1858 1444 1988 1506 Hoc
2019 1454 2216 1509 autem
2243 1454 2284 1513 5

132 1532 301 1595 brevi
328 1532 593 1593 futunun
612 1529 761 1592 ratio
786 1530 1092 1609 promittit.
1135 1532 1348 1592 Bactra
1376 1532 1592 1593 intacta
1617 1538 1774 1604 sunt,
1798 1530 1930 1591 ludi
1953 1538 2014 1591 et
2039 1530 2222 1591 Sacae

134 1620 201 1681 in
224 1625 325 1679 tua
358 1623 671 1695 potestate,
702 1623 789 1679 tot
808 1617 1031 1695 populi,
1067 1626 1155 1680 tot
1180 1616 1490 1691 exercitae,
1525 1626 1614 1679 tot
1641 1616 1901 1696 equitum
1928 1615 2223 1696 peditum-

140 1720 260 1783 que
288 1698 449 1763 milia
472 1702 547 1763 ad
568 1702 976 1765 renovandum
1000 1703 1222 1765 bellum
1249 1704 1400 1767 vires
1423 1712 1656 1784 paratas
1683 1704 1922 1778 hahent,
1945 1711 2012 1765 ut
2035 1702 2226 1764 maior

146 1787 291 1852 belli
316 1788 505 1849 moles
530 1788 786 1868 supersit
813 1808 987 1869 quam
1014 1790 1299 1853 exhausta
1333 1792 1427 1853 sit.
1485 1791 1638 1864 Quid
1665 1790 1892 1852 ruimus
1916 1790 2225 1852 beluarum
2242 1792 2287 1856 6

140 1876 260 1937 ritu
283 1873 345 1939 in
367 1874 687 1956 perniciem
712 1894 833 1939 non
860 1875 1300 1939 necessariam?
1329 1876 1594 1940 Fortium
1621 1876 1878 1939 virorum
1901 1885 2010 1954 est,
2035 1874 2224 1956 magis

140 1968 397 2025 mortem
427 1969 807 2026 contemnere
842 1980 1021 2042 quam
1052 1965 1256 2027 odisse
1290 1965 1487 2027 vitam.
1555 1966 1746 2044 Saepe
1775 1965 1974 2026 taedio
2003 1961 2224 2026 laboris
2244 1965 2286 2028 7

142 2049 219 2110 ad
250 2047 529 2112 vilitatem
556 2049 649 2112 sui
672 2051 1108 2128 compelluntur
1132 2051 1359 2130 ignavi:
1391 2059 1450 2112 at
1475 2051 1658 2112 virtus
1685 2051 1831 2111 nihil
1851 2051 2228 2128 inexpertum

144 2133 373 2198 omittit.
426 2134 633 2214 Itaque
658 2135 927 2196 ultimum
952 2137 1219 2206 omnium
1251 2155 1418 2196 mors
1447 2144 1556 2210 est,
1595 2135 1672 2195 ad
1697 2153 1874 2213 quam
1909 2151 2034 2193 non
2060 2133 2228 2211 pigre

142 2222 233 2284 ire
256 2219 403 2280 satis
430 2227 541 2280 est.
584 2219 843 2282 Proinde
868 2220 920 2279 si
943 2221 1169 2292 Bactra,
1206 2222 1370 2298 quod
1403 2220 1760 2280 tutissimum
1792 2217 2228 2297 receptaculum
2249 2227 2292 2289 8

142 2313 259 2379 est,
294 2303 571 2381 petimus,
604 2305 965 2382 praefectum
993 2304 1254 2382 regionis
1277 2305 1408 2365 eius
1434 2305 1687 2365 Bessum
1709 2320 1914 2381 regem
1945 2301 2230 2381 temporis

146 2389 333 2472 gratia
374 2397 721 2451 statuamus.
792 2389 1147 2468 Compositis
1170 2389 1354 2450 rebus
1381 2389 1542 2450 iusto
1565 2389 1690 2467 regi
1725 2387 1831 2450 tibi
1864 2386 2232 2450 fiduciariam

148 2475 424 2540 restituet
445 2473 780 2556 imperium.

278 2561 450 2624 Haud
486 2562 703 2624 mirum
742 2568 861 2633 est,
895 2559 1148 2620 Dareum
1183 2577 1304 2620 non
1343 2567 1706 2638 temperasse
1750 2556 1972 2632 animo,
2022 2569 2288 2638 quam-9

150 2665 329 2730 quam
356 2657 475 2710 tam
512 2648 729 2728 impiae
758 2645 887 2707 voci
914 2654 1199 2725 quantum
1228 2639 1394 2706 nefas
1431 2645 1706 2708 subesset
1729 2645 1964 2707 latebat.
2009 2643 2231 2728 ltaque,
2253 2652 2336 2716 lo

148 2734 499 2808 Pessimum,
512 2733 718 2814 inquit,
732 2731 1107 2812 mancipium,
1122 2733 1435 2812 repperisti
1449 2741 1712 2812 optatum
1725 2732 1830 2792 tibi
1845 2741 2100 2812 tempuS,
2116 2751 2231 2814 quo

150 2819 528 2900 parricidium
554 2820 838 2902 aperires,
868 2817 1191 2898 strictoque
1215 2819 1452 2880 acinace
1470 2820 1888 2882 interfecturus
1909 2818 2230 2893 videbatur,

152 2907 217 2968 ni
248 2925 503 2986 propere
527 2908 747 2970 Bessus
775 2905 1204 2986 Bactrianique,
1235 2907 1675 2986 deprecantium
1703 2905 1919 2986 specie,
1953 2914 2230 2978 ceterum,

154 2993 207 3055 si
234 3000 659 3072 perseveraret,
698 2991 968 3067 vincturi,
1004 2991 1556 3054 circumstetissent.
1599 2991 1972 3052 Nabarzanes
1998 2991 2232 3054 interim
2255 2999 2330 3062 11

156 3079 412 3158 elapsus,
448 3097 588 3142 mox
626 3087 683 3142 et
714 3079 935 3140 Bessus
961 3086 1365 3157 consequutus
1394 3077 1616 3158 copias,
1651 3075 1864 3158 quibus
1899 3083 2231 3160 praeerant,

154 3185 191 3227 a
218 3174 417 3228 cetero
453 3165 712 3229 exercitu
746 3165 1028 3227 secedere
1064 3163 1300 3237 iubent,
1341 3172 1634 3226 secretum
1668 3163 1868 3227 inituri
1905 3161 2234 3225 consilium.

152 3251 479 3314 Artabazus
520 3251 969 3313 convenientem
1016 3251 1314 3330 praesenti
1358 3253 1626 3313 fortunae
1667 3249 2018 3313 sententiam
2061 3260 2234 3306 orsus
2257 3253 2334 3315 12

152 3337 431 3417 mitigare
444 3337 718 3411 Dareum,
740 3346 1075 3415 temporum
1095 3336 1417 3398 identidem
1437 3337 1786 3410 admonens,
1813 3331 2032 3412 coepit:
2057 3329 2238 3390 ferret

158 3443 356 3504 aequo
388 3423 585 3484 animo
620 3423 1134 3501 qualiumcunque,
1170 3441 1415 3484 suorum
1449 3432 1650 3486 tamen
1683 3421 1775 3482 vel
1813 3415 2120 3481 stultitiam
2145 3413 2240 3474 vel

160 3527 452 3573 errorem.
506 3508 733 3570 lustare
767 3507 1162 3569 Alexandrum
1197 3527 1453 3586 gravem,
1495 3507 1723 3570 etiamsi
1757 3517 1964 3564 omnes
1997 3509 2236 3580 praesto

162 3605 403 3660 essent:
436 3595 576 3676 quid
608 3595 867 3656 stiturum
883 3639 899 3668 ,
944 3593 997 3653 si
1030 3593 1373 3674 persequuti
1407 3596 1606 3676 fugam
1645 3589 1832 3669 ipsius
1870 3583 2239 3651 alienentur?
