2417 3900
526 132 669 193 Lm.
714 132 813 193 lx.
862 131 1043 210 (vu.)
1090 132 1248 191 CAP.
1291 131 1362 191 v.
1411 127 1655 191 1-13,
2023 130 2136 193 191

77 250 225 327 regis
251 250 600 315 fefellerunt.
650 250 851 311 Stabat
874 248 1029 308 enim
1054 248 1118 310 in
1143 256 1463 327 conspectu
1484 245 1630 311 tanti
1654 250 1966 335 exercitus,
1988 253 2148 317 velut

76 335 135 394 in
158 334 469 397 solitudine
495 336 832 397 destitutus.
884 408 890 413 ,
2245 340 2251 352 ‘

197 423 238 480 t:
253 440 358 500 ap.
382 422 446 482 V.
493 422 733 500 Iamque
752 421 996 491 laevam,
1019 434 1131 494 qua
1151 416 1398 495 clipeum
1417 416 1658 480 edictus
1682 418 2148 495 circumferebat,
2169 430 2204 491 1

69 504 403 580 lassaverat,
440 505 822 567 clamantibus
849 501 1066 575 amicis,
1102 509 1165 561 ut
1190 502 1266 562 ad
1289 500 1454 581 ipsos
1477 502 1754 577 desiliret,
1798 504 2154 583 stabantque

71 594 398 670 excepturi,
430 610 609 671 quum
630 592 725 653 ille
746 609 870 651 rem
896 607 1071 649 ausus
1095 596 1185 647 est
1205 586 1608 651 incredibilem
1629 597 1804 668 atque
1829 589 2152 653 inauditam

67 678 371 754 multoque
413 678 599 755 magis
628 677 702 738 ad
744 677 957 737 famam
991 672 1339 736 temeritatis
1377 691 1553 752 quam
1589 674 1808 753 gloriae
1838 675 2154 755 insignem.-

64 761 335 840 Namque
372 761 432 823 in
476 764 683 825 urbem
711 761 968 822 hostium
1008 760 1242 839 plenam
1272 757 1572 841 praecipiti
1611 762 1764 821 saltu
1797 770 1984 822 semet
2021 762 2210 841 ipse2

60 845 327 919 immisit,
356 866 534 926 quum
562 850 655 909 vix
678 864 919 927 sperare
939 852 1161 927 posset,
1192 844 1568 907 dimicantem
1592 855 1748 909 certe
1773 856 1832 907 et
1853 864 1971 908 non
1995 847 2152 909 inul-

60 940 193 991 tum
224 948 357 993 esse
384 936 758 996 moriturum:
789 932 1005 1014 quippe
1028 939 1340 1012 antequam
1369 941 1724 1010 assurgeret,
1755 932 2010 1013 opprimi
2036 952 2149 1014 po-

62 1025 219 1077 terat
244 1028 303 1078 et
320 1018 448 1098 capi
473 1022 656 1082 vivus,
703 1020 817 1082 Sed
845 1018 995 1079 forte
1018 1016 1095 1078 ita
1114 1017 1426 1081 libraverat
1449 1035 1688 1097 corpuS,
1713 1027 1780 1080 ut
1803 1019 2148 1100 sepedibus
2166 1016 2210 1080 3

60 1103 378 1182 exciperet.
422 1105 622 1185 ltaque
650 1114 812 1167 stans
838 1103 947 1164 init
970 1121 1247 1181 pugnam,
1275 1111 1435 1163 etue
1460 1103 1753 1165 circumiri
1776 1114 1995 1183 posset,
2027 1106 2150 1164 t'or-
2251 1146 2258 1153 ·
2295 1115 2306 1123 “

58 1196 203 1249 tuna
228 1190 587 1267 providerat.
646 1192 883 1250 Vetusta
924 1185 1283 1249 arhor'haud
1307 1188 1510 1265 procul
1545 1206 1714 1249 muro
1745 1206 1942 1249 ramos
1969 1186 2212 1249 multa4

58 1274 276 1333 fronde
306 1274 549 1351 vestitos
573 1276 732 1335 velut
768 1275 843 1332 de
879 1270 1165 1332 industria
1192 1288 1394 1349 regem
1417 1279 1795 1350 protegentes
1822 1271 2150 1347 obiecerat:

56 1357 241 1417 huius
264 1358 527 1436 spatioso
555 1358 736 1437 stipiti
762 1374 996 1435 empne,
1038 1374 1114 1415 ne
1141 1354 1433 1416 circumiri
1456 1364 1677 1434 posset,
1718 1357 2014 1435 applicuit,
2046 1358 2152 1420 cli-

52 1460 178 1521 peo
216 1443 347 1516 tela,
393 1462 543 1523 quae
568 1462 639 1503 ex
666 1442 915 1502 adverso
953 1440 1388 1517 ingerebantur,
1429 1440 1745 1519 excipiens,
1793 1442 1938 1503 Nam
1968 1461 2146 1521 quum
2171 1450 2210 1509 5

50 1546 248 1589 unum
274 1530 486 1607 procul
518 1537 603 1590 tot
629 1546 839 1589 manus
865 1533 1152 1606 peterent,
1196 1542 1371 1585 nemo
1398 1532 1598 1587 tamen
1631 1527 1883 1589 audebat
1906 1528 2172 1607 propius*

50 1612 383 1687 accedere3
430 1612 673 1676 missilia
697 1611 876 1674 ramis
901 1611 1071 1692 plura
1098 1627 1273 1688 quam
1301 1610 1488 1691 clipeo
1516 1610 1869 1674 incidebant.
1913 1612 2152 1691 Pugna·
2169 1619 2214 1681 6

52 1698 165 1759 bat
193 1718 305 1777 pro
332 1717 472 1778 rege
507 1700 759 1778 primum
788 1696 1061 1759 celebrati
1088 1694 1344 1757 nominis
1371 1696 1764 1767 fama,deinde
1793 1699 2149 1778 desperatio,
2243 1700 2256 1710 ”

46 1802 345 1860 magnum
369 1784 444 1845 ad
467 1784 717 1845 honeste
740 1782 1117 1845 moriendum
1138 1781 1601 1845 incitamentum.
1647 1782 1765 1846 Sed
1793 1804 1972 1865 quum
2003 1784 2148 1849 sub·
2166 1788 2205 1850 7

44 1868 203 1929 inde
226 1868 416 1930 hostis
443 1872 725 1945 afflueret,
750 1869 864 1932 iam
881 1869 1183 1950 ingentem
1200 1867 1316 1929 vim
1337 1868 1580 1932 telorum
1605 1879 1917 1952 exceperat
1937 1871 2146 1953 clipeo,

48 1955 172 2015 iam
197 1957 421 2042 galeam
441 1975 583 2018 saxa
610 1946 1031 2038 perfregerant,
1059 1955 1174 2018 iam
1199 1956 1480 2018 continuo
1508 1955 1711 2018 labore
1731 1959 1928 2036 gravia
1954 1977 2148 2038 genua
2263 2013 2268 2020 .

48 2041 453 2104 succiderant.
516 2043 718 2122 ltaque
747 2040 1124 2120 contemptim
1168 2051 1227 2100 et
1259 2041 1508 2112 incaute,
1559 2043 1658 2119 qui
1687 2044 1935 2120 proximi
1963 2043 2208 2106 stete-8

48 2137 209 2198 rant,
237 2126 637 2188 incurrerunt:
673 2145 705 2186 6
728 2127 937 2204 quibus
958 2127 1109 2185 duos
1130 2125 1320 2199 gladio
1340 2126 1417 2185 ita
1439 2127 1682 2202 excepit,
1709 2137 1770 2186 ut
1790 2137 1924 2186 ante
1951 2128 2148 2205 ipsum

50 2210 362 2271 exanimes
405 2210 881 2290 procumberent.
945 2209 1069 2269 Nec
1106 2209 1372 2286 cuiquam
1413 2209 1623 2269 deinde
1665 2212 1910 2288 propius
1948 2211 2144 2272 inces-
2255 2265 2269 2278 .

49 2316 157 2356 sen
170 2293 232 2354 di
258 2313 393 2355 eum
424 2295 653 2354 animus
679 2295 811 2354 fuit:
840 2294 1047 2373 procul
1073 2292 1258 2351 iacula
1287 2293 1642 2370 sagittasque
1669 2292 1998 2356 mittebant.

190 2381 297 2441 llle
322 2379 397 2441 ad
422 2398 632 2440 omnes
654 2379 802 2440 ictus
825 2376 1123 2456 expositus
1150 2395 1324 2454 aegre
1351 2377 1462 2436 iam
1489 2387 1793 2456 exceptum
1824 2379 2145 2458 poplitibus
2166 2391 2204 2454 9

47 2485 279 2546 corpus
302 2465 594 2538 tuebatur,
620 2466 808 2525 donec
830 2463 1010 2523 Indus
1032 2462 1282 2522 duorum
1309 2462 1635 2523 cubitorum
1655 2464 1920 2541 sagittam
1947 2463 2146 2544 (nam-
2225 2494 2234 2500 ·

46 2571 173 2630 que
207 2551 389 2624 Indis,
428 2559 492 2612 ut
516 2560 684 2611 antea
714 2548 981 2620 diximuS‚
1024 2547 1196 2608 huius
1225 2548 1639 2626 magnitudinis
1676 2549 1918 2627 sagittae
1946 2551 2140 2630 erant)

40 2637 124 2699 ita
160 2637 447 2712 excussit,
496 2644 562 2697 ut
596 2654 704 2715 per
734 2635 1032 2695 thoracem
1068 2632 1326 2712 paullum
1363 2652 1544 2713 super
1570 2635 1720 2696 latus
1751 2637 2020 2699 dextrum
2047 2638 2142 2699 in-

42 2723 288 2800 figeret.
336 2724 466 2795 Quo
494 2723 733 2784 vulnere
755 2719 1024 2790 afflictuS,
1062 2734 1274 2795 magna
1299 2718 1354 2778 vi
1380 2719 1682 2797 sanguinis
1705 2721 2006 2796 emicante,
2043 2742 2140 2784 re-
2163 2731 2244 2795 10

44 2806 216 2868 misit
244 2825 403 2868 arma
435 2807 790 2870 moribundo
820 2803 1041 2877 similiS‚
1080 2803 1350 2882 adeoque
1377 2807 1689 2881 resolutuS,
1727 2815 1788 2868 ut
1817 2826 1892 2868 ne
1919 2808 1992 2869 ad
2019 2811 2142 2872 vel-

44 2893 304 2954 lendum
331 2894 564 2972 quidem
591 2894 769 2955 telum
794 2891 1085 2954 sufficeret
1108 2889 1330 2954 dextra.
1376 2891 1575 2970 Itaque
1601 2891 1674 2952 ad
1698 2894 2138 2973 exspoliandum

42 2997 302 3058 corpuS,
346 2979 443 3058 qui
478 2981 899 3051 vulneraverat,
942 2977 1134 3038 alacer
1161 2975 1373 3055 gaudio
1401 2977 1670 3038 accurrit.
1741 2979 1926 3052 Quem
1954 2989 2018 3042 ut
2043 2981 2136 3042 in·
2160 2983 2240 3045 11

27 3065 237 3124 ‚iicere
256 3065 492 3144 corpori
520 3085 628 3126 suo
654 3083 864 3126 manus
892 3061 1095 3134 sensit,
1123 3062 1319 3137 credo,
1347 3061 1532 3124 ultimi
1555 3063 1861 3127 dedecoris
1880 3066 2138 3143 indigni-

40 3159 175 3212 tate
216 3158 548 3211 commotus
582 3149 939 3228 linquentem
975 3149 1265 3210 revocavit
1303 3149 1563 3211 animum
1597 3158 1655 3210 et
1688 3153 1910 3214 nudum
1945 3149 2135 3212 hostis

34 3237 211 3297 latus
248 3235 513 3298 subiecto
538 3253 821 3296 mucrone
854 3235 1066 3296 hausit.
1135 3232 1411 3297 Iacebant
1447 3235 1597 3296 circa
1637 3255 1836 3316 regem
1864 3235 1973 3296 tria
2001 3251 2134 3294 cor·
2156 3233 2238 3298 12

36 3338 227 3402 pora,
269 3322 475 3399 procul
500 3318 869 3402 stupentibus
898 3319 1123 3380 ceteris·
1168 3319 1271 3381 Ille
1296 3329 1378 3395 ut,
1415 3332 1728 3402 antequam
1749 3320 1984 3381 ultimus
2012 3317 2133 3396 spi-

32 3408 206 3469 ritus
234 3406 531 3482 deficeret,
576 3406 859 3467 dimicans
883 3403 999 3466 iam
1038 3404 1524 3483 exstingueretur,
1570 3409 1756 3486 clipeo
1785 3422 1850 3464 se
1887 3404 2132 3463 allevare

38 3500 315 3554 conatus
334 3499 441 3568 est,
465 3501 524 3553 et
546 3500 859 3573 postquam
880 3491 957 3562 ad
974 3490 1390 3552 connitendum
1411 3491 1551 3553 nihil
1578 3495 1885 3568 supererat
1905 3487 2005 3546 viri
2014 3505 2130 3556 um,
2154 3486 2235 3549 13

36 3580 267 3642 dextra
297 3577 704 3660 impendentes
729 3595 929 3638 ramos
963 3578 1302 3654 complexus
1332 3577 1590 3638 tentabat
1615 3589 1940 3648 assurgere.
2011 3570 2130 3632 Sed
