2417 3900
233 125 318 186 64
675 123 773 185 DE
819 122 1082 184 GESTIS
1127 121 1559 182 ALEXANDRI
1600 115 1847 182 MAGNI
2397 101 2398 170 ἕ

137 257 220 321 30
238 264 414 328 quem
453 263 487 306 a
513 244 714 306 dextra
737 252 902 323 parte
923 241 1120 322 stipati
1142 241 1203 302 in
1227 241 1486 304 medium
1520 259 1728 320 agmen
1749 245 2121 318 receperunt.
2168 237 2348 301 Dici-

241 343 339 396 tur
371 331 607 393 acinace
637 329 840 391 stricto
869 329 1094 390 Dareus
1123 328 1441 402 dubitasse,
1479 344 1553 388 an
1578 329 1753 406 fugae
1774 327 2035 386 dedecus
2064 325 2343 388 honesta

238 427 428 480 morte
451 417 670 478 vitaret.
697 416 815 477 Sed
839 415 1106 477 eminens
1127 433 1307 475 curru
1326 412 1591 474 nondum
1612 429 1849 473 omnem
1868 429 2119 472 suorum
2138 412 2344 473 aciem

136 515 211 577 31
239 504 468 586 proelio
513 503 893 564 excedentem
931 501 1257 564 destituere
1304 499 1711 562 erubescebat.
1740 499 1915 559 Dum
1951 496 2110 558 inter
2154 513 2343 577 spem

240 599 298 652 et
323 589 801 668 desperationem
821 589 1087 662 haesitat,
1115 587 1335 648 sensim
1356 586 1573 649 Persae
1598 585 1891 646 cedebant
1910 592 1969 645 et
1990 584 2343 645 laxaverant

240 677 500 737 ordines·
549 675 877 736 Alexander
895 683 1116 735 mutato
1139 690 1314 751 equo,
1340 671 1559 751 quippe
1574 673 1777 753 plures
1796 668 2156 748 fatigaverat,
2176 671 2341 732 resi-

135 771 220 836 32
241 762 528 824 stentium
561 761 812 822 adversa
845 779 950 820 ora
989 759 1270 832 fodiebat,
1315 757 1661 838 fugi-entium
1697 766 1882 836 terga.
1926 756 2171 834 lamque
2209 775 2339 817 non
2397 737 2398 782 ¹

239 865 456 929 pugna,
499 847 604 908 sed
642 847 852 908 caedes
877 853 1018 920 erat,
1053 863 1237 924 quum
1260 843 1485 905 Dareus
1524 861 1761 932 quoque
1794 860 2033 904 currum
2068 860 2248 903 suum
2272 843 2371 902 in

239 937 436 1013 fugam
471 933 658 994 vertit.
705 933 998 994 Haerebat
1034 931 1098 992 ιιι
1147 930 1330 1010 tergis
1367 923 1719 1009 fugientium
1758 929 1976 991 victor:
2028 928 2133 989 sed
2176 947 2339 1008 pro·
2397 989 2398 1002 ,

242 1027 520 1100 spectum
555 1019 860 1080 oculorum
889 1019 1082 1080 nubes
1121 1017 1401 1114 pulveris,
1434 1034 1583 1096 quae
1625 1016 1701 1076 ad
1740 1015 1969 1077 coelum
2010 1014 2341 1088 ferebatur,

239 1107 590 1168 abstulerat·
623 1122 766 1190 ergo
785 1103 946 1166 haud
965 1123 1138 1166 secus
1158 1121 1334 1184 quam
1354 1103 1416 1164 in
1428 1101 1691 1163 tenebris
1709 1101 1997 1174 errabant,
2016 1101 2089 1160 ad
2104 1118 2343 1160 sonum

137 1198 222 1264 33
243 1201 424 1256 notae
448 1191 626 1266 vociS,
653 1200 720 1254 ut
741 1190 995 1269 signum,
1017 1188 1273 1252 subinde
1292 1195 1593 1250 coeuntes.
1634 1188 2107 1250 Exaudiebantur
2122 1193 2341 1246 tamen

245 1279 544 1359 strepitus
569 1278 956 1351 habenarum,
994 1277 1206 1356 quibus
1244 1275 1380 1355 equi
1414 1292 1651 1336 currum
1680 1275 1983 1336 trahentes
2004 1271 2338 1334 identidem

242 1365 730 1427 verberabantur.
776 1362 938 1425 Haec
963 1365 1091 1425 sola
1115 1362 1394 1442 fugientis
1419 1361 1665 1440 vestigia
1688 1368 1933 1441 excepta
1960 1366 2119 1422 sunt.

189 1534 225 1596 1
375 1535 538 1614 Cap.
565 1535 712 1596 XVI.
770 1534 883 1596 At
867 1553 930 1596 ιιι
950 1535 1118 1596 laevo
1147 1534 1543 1595 Macedonum
1572 1551 1779 1606 cornu,
1806 1529 1971 1612 quod
1996 1527 2340 1600 Parmenio,

243 1621 398 1683 sicut
421 1629 558 1682 ante
586 1621 834 1692 dictum,
869 1620 1170 1694 tuebatur,
1205 1620 1382 1698 longe
1407 1618 1520 1683 alia
1547 1620 1782 1681 fortuna
1807 1614 2125 1694 utriusque
2150 1614 2339 1693 partis

182 1703 225 1764 2
243 1725 341 1768 res
367 1707 698 1784 gerebatur.
743 1705 1018 1768 Mazaeus
1047 1724 1178 1767 cum
1205 1705 1367 1766 omni
1389 1723 1637 1766 suorum
1667 1704 1927 1786 equitatu
1954 1702 2341 1762 vehementer

241 1791 508 1852 invectus
546 1792 794 1870 urgebat
819 1791 1210 1852 Macedonum
1244 1792 1386 1852 alas.
1452 1792 1693 1870 lamque
1726 1791 2041 1853 abundans
2072 1785 2339 1848 multitu-

245 1876 384 1953 dine
425 1877 608 1938 aciem
639 1877 994 1938 circumvehi
1021 1885 1315 1957 coeperat,
1356 1895 1538 1957 quum
1564 1878 1875 1938 Parmenio
1912 1873 2145 1955 equites
2183 1889 2339 1932 ιιιιιι-

247 1964 404 2025 ciare
427 1965 589 2026 iubet
616 1964 966 2037 Alexandro,
996 1964 1057 2025 in
1097 1982 1214 2062 quo
1246 1964 1623 2026 discrimine
1606 1964 1725 2044 ipsi
1752 1971 1984 2026 essent.
2026 1960 2085 2021 ni
2110 1969 2339 2021 mature

185 2056 227 2118 3
265 2050 696 2125 subveniretur,
729 2069 852 2113 non
889 2068 1077 2130 posse
1106 2050 1235 2111 sisti
1268 2051 1487 2129 fugam.
1560 2051 1683 2111 lam
1718 2053 1966 2113 multum
2002 2047 2133 2107 viae
2164 2064 2339 2126 prae-

247 2145 510 2199 cesserat
537 2154 660 2211 rex,
701 2136 1026 2198 imminens
1052 2135 1398 2215 fugientium
1434 2136 1640 2216 tergiS,
1681 2155 1862 2235 quum
1888 2156 1919 2197 a
1950 2132 2342 2196 Pax-meniana

251 2222 432 2284 tristis
474 2222 726 2285 nuncius
765 2222 945 2285 ven-it.
1005 2222 1333 2285 Refrenare
1370 2242 1556 2303 equos
1596 2223 1764 2297 iussi,
1817 2222 1919 2304 qui
1954 2220 2339 2292 vehebantur,

73 2328 80 2346 ’
145 2342 152 2347 -
249 2326 583 2388 agmenque
612 2309 897 2384 constitit,
928 2309 1241 2371 frendente
1266 2310 1621 2383 Alexandro,
1654 2308 1803 2389 eripi
1830 2307 1945 2371 Sibi
1971 2306 2276 2369 victoriam
2310 2321 2341 2363 e

187 2402 230 2462 4
248 2396 521 2456 manibus
541 2404 598 2456 et
615 2396 870 2456 Dareum
890 2395 1110 2457 felicius
1129 2396 1333 2475 fugere
1356 2414 1535 2475 quam
1560 2414 1625 2456 se
1644 2394 1833 2476 sequi.
1859 2392 2100 2457 Interim
2122 2393 2193 2453 ad
2215 2392 2344 2451 Ma-

248 2499 453 2541 zaeum
473 2482 733 2560 superati
750 2480 908 2561 regis
928 2482 1082 2542 fama
1099 2492 1469 2561 pervenerat.
1489 2482 1710 2561 ltaque,
1730 2496 2083 2561 quamquam
2103 2478 2348 2539 validior

257 2573 402 2639 erat,
429 2573 629 2627 tamen
661 2569 897 2628 fortuna
925 2566 1176 2647 partium
1205 2568 1451 2630 territus
1476 2567 1765 2648 perculsis
1792 2566 2133 2647 languidius
2158 2564 2347 2625 iusta-

254 2652 374 2713 bat.
445 2652 762 2713 Parmenio
797 2652 1108 2750 ignorabat
1148 2654 1389 2733 quidem
1426 2672 1663 2715 causam
1703 2672 1810 2715 sua
1857 2663 2071 2734 sponte
2105 2668 2343 2733 pugnae

259 2736 566 2812 remissae,
599 2738 706 2799 sed
745 2738 1060 2801 occasione
1098 2739 1370 2802 vincendi
1410 2751 1649 2803 strenue
1686 2748 1783 2801 est
1808 2759 1971 2803 usus·
2024 2738 2341 2801 Thessalos

197 2828 236 2889 5
257 2822 485 2903 equites
511 2824 586 2886 ad
611 2842 676 2886 se
700 2827 899 2887 vocari
923 2825 1104 2889 iubet.
1149 2826 1396 2907 Ecquid,
1418 2826 1621 2906 inquit,
1646 2827 1855 2887 videtis
1874 2826 2045 2899 istoS,
2068 2825 2167 2905 qui
2186 2825 2343 2885 fero-

257 2909 403 2971 citer
427 2911 608 2971 modo
635 2910 952 2987 instabant,
981 2914 1195 3011 pedem
1229 2914 1453 2973 referre
1478 2912 1673 2975 Subito
1700 2930 1921 2994 pavore
1944 2906 2343 2993 perterritos?

259 2996 548 3060 Nimirum
578 2998 753 3060 nobis
779 3018 1019 3079 quoque
1044 2999 1202 3078 regis
1232 2998 1428 3060 nostri
1454 3000 1689 3061 fortuna
1710 2998 1909 3061 vincit.
1957 2998 2168 3061 Omnia
2197 2998 2340 3061 Per-

153 3147 166 3157 ,
265 3100 466 3144 sarum
513 3084 694 3146 caede
749 3093 933 3147 Strata
983 3093 1141 3146 sunt.
1205 3084 1358 3158 Quid
1410 3082 1699 3147 cessatis?
1743 3102 1819 3147 an
1864 3104 1941 3147 ne
1984 3084 2340 3164 fugientibus

198 3171 244 3233 6
263 3168 501 3249 quidem
527 3188 700 3249 pares
727 3168 915 3233 estis?
959 3171 1110 3233 Vera
1137 3170 1335 3232 dicere
1360 3170 1693 3245 videbatur,
1730 3182 1787 3234 et
1826 3190 1970 3252 spes
1997 3172 2340 3251 languentes

263 3274 502 3335 quoque
542 3266 826 3317 erexerat.
884 3256 1147 3319 Subditis
1186 3257 1512 3319 calcaribus
1560 3276 1847 3338 proruere
1880 3259 1941 3319 in
1984 3260 2245 3320 hostem:
2288 3264 2343 3315 et

263 3342 346 3403 illi
367 3342 486 3403 iam
511 3361 635 3403 non
661 3343 902 3415 sensim,
927 3343 1032 3404 sed
1061 3342 1235 3404 citato
1260 3344 1444 3422 gradu
1468 3345 1848 3419 recedebant,
1883 3362 1995 3406 nec
2020 3344 2339 3423 quidquam

205 3424 472 3506 7fugae,
520 3426 630 3488 nisi
669 3429 828 3507 quod
871 3435 1036 3506 terga
1077 3428 1343 3491 nondum
1379 3438 1705 3503 verterant,
1752 3432 1974 3493 deerat.
2031 3430 2341 3493 Parmenio

267 3522 464 3575 tamen
488 3512 751 3591 ignarus,
778 3530 1064 3593 quaenam
1085 3514 1146 3577 in
1169 3516 1587 3579 dextr-ocornu
1609 3519 1843 3581 fortuna
1868 3518 2023 3597 regis
2048 3526 2221 3593 esset,
2248 3536 2343 3577 re-

266 3599 488 3678 pressit
508 3617 685 3662 suos:
729 3598 1002 3663 Mazaeus
1039 3602 1178 3664 dato
1205 3603 1379 3683 fugae
1404 3604 1595 3685 spatio
1619 3623 1741 3665 non
1768 3612 1933 3667 recto
1967 3604 2201 3680 itinere,
2238 3604 2344 3665 sed
