2417 3900
229 88 312 148 82
663 85 762 144 DE
808 84 1068 146 esss'rls
1111 85 1539 144 ALEXANom
1583 37 1823 145 meru

131 209 211 270 17
253 267 258 271 ,
357 204 606 266 Vastatis
629 203 841 264 deinde
871 201 1023 281 agris
1044 198 1303 262 Persidis
1325 203 1581 282 vicisque
1604 199 2001 280 compluribus
2030 198 2296 265 redactis

221 293 292 351 in
327 297 676 372 potestatem
715 296 950 349 ventum
989 297 1080 348 est
1114 288 1176 347 in
1213 288 1549 348 Mardorum
1582 298 1811 366 gentem
1848 285 2189 369 bellicosam
2234 295 2301 350 et

229 377 479 436 multum
523 391 556 434 a
597 372 804 434 ceteris
840 373 1039 435 Persis
1074 373 1230 434 cultu
1263 372 1413 434 vitae
1454 372 1886 434 abhorrentem.
1957 371 2188 450 Specus
2229 369 2302 435 in

229 461 530 529 montibus
555 459 801 532 fodiunt,
827 459 890 519 in
915 467 1064 538 quos
1081 467 1266 536 seque
1287 475 1357 518 ac
1374 457 1653 536 coniuges
1673 466 1731 519 et
1756 455 1973 518 liberos
1999 455 2303 535 condunt3

134 563 212 623 13
231 563 512 626 pecorum
547 553 646 604 aut
683 546 936 605 ferarum
971 561 1148 604 carne
1173 551 1508 605 vescuntur.
1552 543 1640 604 Ne
1664 540 1895 604 leminis
1920 541 2155 621 quidem
2175 561 2303 622 pro

233 639 476 692 naturae
501 629 706 690 habitu'
739 629 1004 690 molliora
1033 627 1267 706 ingenia
1294 637 1463 690 sunt:
1494 645 1697 689 comae
1720 627 2058 708 prominent
2075 625 2303 702 hirtae,

230 715 410 776 vestis
434 733 621 792 super·
637 733 826 792 genua
845 723 964 789 est3
990 714 1172 774 funda
1197 712 1457 774 vinciunt
1475 715 1748 788 frontem,
1767 712 1884 773 hoc
1901 720 1959 772 et
1978 729 2303 773 ornamen-

135 815 212 875 19
231 808 356 861 tum
383 800 591 876 capitis⁴
615 808 672 859 et
693 801 873 859 telum
908 807 1016 861 est.
1075 799 1192 858 Sed
1218 799 1370 858 hanc
1393 805 1893 878 quoquegentem
1921 796 2077 857 idem
2109 797 2304 858 fortu-

215 902 347 945 nae
363 884 623 960 impetus
649 883 893 944 domuit.
927 883 1130 962 ltaque
1147 881 1444 944 tricesimo
1466 884 1584 958 die,
1602 891 1915 963 postquam
1933 900 1966 941 a
1987 881 2300 963 Persepoli

231 969 531 1048 profectus
546 965 692 1041 erat,
716 969 927 1034 eodem
954 968 1145 1029 rediit.
1188 967 1355 1029 Dona
1374 968 1587 1030 deinde
1612 968 1813 1030 amicis
1833 965 2158 1045 ceterisque
2180 985 2295 1046 pro

228 1053 515 1131 cunisque
549 1049 757 1113 merito
789 1053 970 1118 dedit.
1037 1049 1473 1133 Propemodum
1506 1053 1721 1129 omnia,
1760 1069 1910 1132 quae
1943 1051 2005 1112 in
2040 1068 2109 1112 ea
2141 1051 2298 1113 urbe

213 1147 488 1218 ceperat,
517 1137 852 1200 distributa.
1482 1173 1487 1182 -
1899 1145 1901 1152 '

177 1242 212 1299 1
361 1225 450 1284 Ca
464 1241 524 1302 p.
545 1224 664 1284 Vll.
710 1224 980 1284 Ceterum
1004 1223 1261 1301 ingentia
1284 1222 1659 1295 animibona,
1684 1221 1840 1282 illam
1872 1219 2151 1294 indolem,
2180 1238 2300 1300 qua

235 1325 442 1370 omnes
478 1327 648 1386 reges
683 1307 1016 1380 antecessit,
1051 1309 1203 1368 illam
1235 1307 1298 1369 in
1336 1307 1663 1369 subeundis
1701 1304 1973 1386 periculis
2016 1313 2303 1366 constan-

233 1393 392 1464 tiam,
425 1393 488 1454 in
515 1393 694 1454 rebus
729 1392 1040 1454 moliendis
1081 1393 1521 1474 efficiendisque
1544 1392 1929 1463 velocitatem,
1964 1388 2027 1450 in
2060 1389 2302 1452 deditos

233 1478 432 1552 fidem,
453 1477 516 1538 in
537 1478 798 1558 captivos
823 1477 1206 1551 clementiam,
1230 1478 1292 1538 in
1310 1477 1703 1556 voluptatibus
1724 1474 2033 1558 permissis
2062 1493 2303 1555 quoque
2391 1501 2393 1508 ·

237 1570 295 1625 et
319 1563 545 1624 usitatis
568 1565 1013 1642 temperantiam
1037 1563 1196 1624 haud
1224 1563 1511 1625 tolerabili
1535 1562 1655 1624 vini
1686 1559 2004 1641 cupiditate
2028 1560 2307 1622 foedavit.

176 1661 217 1720 2
237 1648 424 1708 Hoste
453 1655 511 1708 et
541 1649 772 1708 aemulo
798 1647 968 1726 regni
991 1657 1307 1727 reparante
1336 1665 1515 1727 quum
1550 1647 1799 1708 maxime
1834 1646 2087 1717 bellum,
2112 1662 2311 1726 nuper

225 1730 516 1803 subactis,
551 1750 698 1811 quos
735 1732 964 1803 vicerat,
989 1750 1336 1812 ⁴novumque
1372 1732 1680 1810 imperium
1716 1730 2193 1810 aspernantibuS,
2232 1732 2307 1793 de

242 1815 338 1882 die
361 1815 544 1876 inibat
565 1816 844 1889 convivia,
869 1816 1082 1894 quibus
1106 1816 1357 1878 feminae
1384 1817 1725 1889 intererant,
1750 1834 1871 1878 non
1896 1815 2134 1895 quidem
2156 1833 2307 1895 quas
2385 1821 2386 1827 ’

232 1899 444 1963 violari
469 1901 632 1963 nefas
656 1909 830 1975 esset,
861 1901 1079 1980 quippe
1101 1901 1357 1979 pellices,
1384 1901 1865 1981 licentiuS,‘quam
1886 1900 2151 1975 decebat,
2174 1919 2309 1964 cum

181 1994 466 2069 garmato
501 1986 694 2047 vivere
731 1997 1019 2049 assuetae.
1055 1986 1166 2047 Ex
1197 1986 1291 2047 his
1326 1986 1683 2063 una1Thais‚
1724 1994 1783 2047 et
1818 1988 1949 2066 ipsa
1964 1988 2306 2063 temulenta,
2387 2036 2388 2043 ,

239 2070 550 2137 maximam
573 2072 730 2151 apud
759 2090 966 2133 omnes
986 2072 1247 2158 Graecos
1268 2072 1545 2133 initurum
1574 2072 1815 2151 gratiam
1844 2072 2111 2147 affirmat,
2135 2073 2193 2133 si
2214 2090 2311 2133 re-
2382 2044 2390 2146 ἱ

238 2156 394 2235 ‚giam
418 2156 730 2218 Persarum
765 2156 1034 2219 iussisset
1064 2157 1335 2220 incendi:
1376 2166 1717 2237 exspectare
1745 2158 1860 2218 hoc
1894 2174 2017 2231 ees,
2051 2174 2307 2237 quorum

181 2262 222 2319 4
239 2242 418 2303 urbes
450 2241 682 2309 barbari
719 2242 1035 2305 delessent.
1085 2241 1267 2304 Ebrio
1300 2252 1497 2304 scorto
1522 2244 1599 2303 de
1630 2250 1789 2305 tanta
1820 2260 1888 2303 re
1920 2242 2133 2303 ferenti
2162 2260 2309 2305 sen-

238 2325 482 2390 tentiam
521 2346 672 2389 unus
707 2336 764 2389 et
797 2329 962 2400 alter,
1001 2334 1055 2388 et
1085 2326 1202 2407 ipsi
1242 2346 1405 2389 mero
1442 2328 1683 2400 onerati,
1718 2327 2136 2389 assentiuntur.
2182 2329 2311 2389 Rex

235 2430 478 2489 ,quoque
529 2412 647 2474 fuit
675 2412 902 2473 avidior
941 2430 1116 2491 quam
1159 2412 1491 2491 patientior.
1560 2413 1717 2486 Quin
1752 2412 1931 2491 igitur
1970 2412 2315 2475 ulciscimur

116 2533 149 2576 ⁸.
185 2512 222 2571 5
245 2495 544 2557 Graeciam
575 2504 631 2557 et
667 2496 796 2557 urbi
832 2498 986 2559 faces
1028 2496 1381 2560 subdimus?
1446 2498 1669 2560 Omnes
1700 2498 2065 2559 incaluerant
2106 2516 2311 2560 mero:

241 2579 441 2657 itaque
482 2589 730 2657 surgunt
765 2582 1070 2643 temulenti
1110 2583 1185 2643 ad
1225 2582 1658 2645 incendendam.
1682 2583 1927 2658 urbem.
1962 2580 2057 2645 cui
2097 2584 2311 2645 armati

239 2674 648 2743 pepercerant.
712 2666 940 2728 Primus
967 2684 1072 2728 rex
1096 2664 1293 2745 ignem
1319 2664 1515 2747 regiae
1544 2667 1761 2744 iniecit,
1788 2676 1916 2731 tum
1938 2666 2229 2729 convivae
2257 2676 2315 2731 et

241 2746 496 2833 ministri
527 2749 904 2830 pellicesque.
992 2752 1168 2815 Multa
1207 2754 1385 2819 cedro
1426 2753 1727 2815 aedificata
1752 2763 1888 2816 etat
1920 2753 2113 2833 regia,
2156 2770 2313 2833 quae

186 2855 227 2916 6
247 2832 512 2899 celeriter
532 2835 667 2913 igne
687 2848 972 2916 concepto
993 2838 1108 2900 late
1129 2838 1279 2902 fudit
1298 2839 1652 2903 incendium.
1684 2838 1861 2915 Quod
1878 2838 1983 2901 ubi
1998 2839 2313 2914 exercitus,

249 2918 349 2999 qui
382 2918 539 2980 haud
578 2923 786 3000 procul
821 2923 894 2984 ab
938 2924 1085 2985 urbe
1119 2924 1415 2999 tendebat,
1458 2924 1781 3005 conspexit,
1815 2924 2117 2987 foi-mitum
2146 2932 2319 2987 ratus

189 3024 230 3085 7
249 3004 319 3068 ad
348 3022 522 3084 opem
547 3006 848 3069 ferendam
875 3008 1190 3071 concurrit.
1234 3010 1354 3071 Sed
1380 3018 1445 3074 ut
1464 3012 1541 3075 ad
1566 3010 1918 3073 vestibulum
1939 3009 2143 3089 regiae
2168 3028 2317 3071 ven-

245 3098 372 3153 tum
407 3098 513 3163 est,
554 3090 750 3155 vident
775 3112 974 3173 regem
999 3094 1195 3174 ipsum
1221 3095 1417 3157 adhuc
1437 3104 1811 3177 aggerentem
1840 3098 2019 3158 faces.
2076 3093 2317 3157 Omissa

247 3176 441 3255 igitur,
477 3193 648 3254 quam
683 3187 1078 3257 portaverant,
1112 3184 1265 3260 aqua
1294 3181 1515 3245 aridam
1552 3181 1854 3247 materiem
1884 3180 1951 3244 in
1972 3178 2317 3243 incendium

247 3264 442 3328 iacere
470 3274 810 3343 coeperunt.
1291 3311 1299 3327 .

195 3362 234 3421 8
380 3346 550 3412 Hunc
592 3350 804 3412 exitum
838 3349 1042 3412 habuit
1081 3349 1242 3429 regia
1274 3347 1453 3413 totius
1482 3350 1745 3427 orionus,
1782 3350 1945 3415 unde
1972 3358 2067 3413 tot
2104 3368 2145 3429 g

254 3441 422 3494 antea
444 3436 570 3498 iura
600 3438 892 3515 petebant,
919 3436 1100 3515 patria
1125 3444 1215 3500 tot
1234 3455 1461 3517 regum,
1483 3436 1692 3508 unicus
1716 3437 2015 3521 quondam
2252 3517 2254 3519 q
2292 3444 2301 3459 '

259 3529 464 3596 terror,
492 3525 691 3586 molita
717 3524 871 3586 mille
893 3521 1125 3584 navium
1154 3523 1399 3585 classem
1426 3534 1482 3588 et
1506 3522 1813 3599 exereitus,
1836 3522 2051 3605 quihus
2210 3530 2235 3597 J
2267 3588 2269 3590 ,

2178 3641 2200 3740 ἕ

2142 3752 2394 3838 [μὴ
