2417 3900
134 1700 215 1762 10
232 1692 701 1753 tumultuantium
732 1693 1143 1753 vociferatione
1167 1690 1642 1769 prohiberentur.
1706 1691 1828 1765 Ille,
1875 1692 2027 1753 sicut
2053 1693 2312 1755 nudatus
2399 1756 2401 1771 i

237 122 361 183 196
711 118 809 181 DE
854 117 1117 179 GESTIS
1162 114 1591 177 ALEXANDRI
1633 114 1873 179 MAGNI

238 255 471 321 quoque
500 256 719 299 nomen
745 244 1163 316 assumpserat,
1200 250 1324 295 non
1349 241 1468 293 tam
1489 233 1722 314 imperii
1746 232 2020 315 cupidine
2045 250 2230 311 quam
2259 234 2324 294 in

234 324 482 406 patriam
506 324 837 385 revertendi
862 340 993 383 oum
1016 321 1108 396 iis,
1133 320 1231 399 qui
1255 318 1658 382 auctoritatem
1681 318 1868 399 ipsius
1893 319 2325 398 sequebantur.

177 420 219 481 4
236 410 385 474 Huic
408 410 590 471 Bicon
626 407 1143 487 quidamnationis
1168 404 1451 479 eiusdem,
1491 406 1598 467 sed
1629 404 1712 466 ob
1741 404 2198 468 aemulationem
2229 406 2326 465 in-

222 497 438 569 festus,
488 494 843 576 comparavit
875 493 1117 555 insidias
1152 491 1578 574 invitatumque
1613 492 1691 553 ad
1721 493 1921 573 epulas
1948 508 2058 573 per
2084 490 2322 552 Boxum

178 590 217 649 5
238 581 529 664 quendam
558 579 949 641 Macerianum
974 578 1037 639 in
1064 577 1326 640 convivio
1355 578 1586 639 occidit.
1627 576 1880 640 Postero
1905 576 2000 638 die
2023 576 2324 637 concione

216 666 515 729 ‘advocata
560 666 742 728 Bicon
788 666 941 727 ultro
984 662 1322 726 insidiatum
1369 662 1481 725 sibi
1525 662 1970 726 Athenodorum
2011 662 2324 742 plerisque

234 760 627 834 persuaserat.
694 751 812 813 Sed
838 751 967 813 aliis
992 759 1266 830 suspecta
1292 757 1418 810 erat
1444 750 1606 811 l'raus
1629 748 1887 824 motuis,
1931 756 1990 809 et
2011 748 2320 828 paullatim

177 837 296 903 δίη
334 838 534 917 plures
569 838 762 917 coepit
797 854 1036 897 manare
1071 833 1351 915 suspicio.
1414 834 1620 915 Itaque
1657 834 1866 897 Graeci
1901 834 2116 897 milites
2149 852 2318 896 arma

236 922 491 1004 capiunt,
534 922 782 983 occisuri
806 922 1105 995 Biconem‚
1144 922 1195 983 si
1227 921 1470 982 daretur
1493 922 1746 983 occasio.
1791 921 2062 983 Ceterum
2093 921 2320 1000 princi·

176 1011 218 1072 7
235 1026 342 1088 pes
373 1024 576 1068 eorum
600 1008 746 1068 iram
781 1006 1165 1069 multitudinis
1190 1006 1621 1085 mitigaverunt.
1680 1008 1923 1069 Praeter
1946 1024 2116 1085 spem
2149 1024 2320 1068 suam

232 1092 415 1154 Bicon
440 1094 735 1172 praesenti
762 1093 1020 1172 periculo
1064 1100 1303 1171 ereptus
1331 1094 1526 1172 paullo
1556 1102 1694 1173 post
1723 1092 2032 1155 insidiatus
2059 1092 2320 1153 auctori-

232 1178 345 1240 bus
372 1178 570 1241 salutis
597 1198 736 1241 suae
763 1189 880 1254 est,
915 1180 1079 1241 cuius
1108 1178 1244 1239 dolo
1271 1178 1509 1256 cognito
1537 1188 1595 1240 et
1617 1178 1815 1258 ipsum
1841 1176 2314 1257 comprehende—

92 1339 99 1354 ,
167 1265 215 1326 ’8
236 1272 370 1325 runt
393 1272 451 1325 et
472 1264 718 1326 Boxum.
763 1265 1031 1326 Ceterum
1054 1264 1282 1325 Boxum
1299 1264 1567 1343 protinus
1587 1264 1806 1343 placuit
1821 1264 2099 1337 interfici,
2135 1262 2315 1324 Bico-

234 1368 366 1409 nem
395 1350 563 1411 etiam
597 1370 706 1429 per
735 1351 1051 1412 cruciatum
1087 1350 1300 1410 necari.
1348 1349 1585 1429 lamque
1620 1350 1855 1430 corpori
1883 1356 2180 1411 tormenta
2208 1351 2315 1411 ad-

107 1440 121 1452 '
235 1434 637 1509 movebantur,
684 1455 861 1515 quum
888 1435 1089 1498 Graeci
1127 1435 1357 1508 militer»,
1400 1435 1686 1496 incertum
1711 1436 1788 1497 ob
1819 1454 1990 1513 quam
2023 1452 2310 1507 caussam,

176 1521 213 1581 9
232 1521 541 1601 lymphatis
560 1522 778 1582 similes
798 1523 871 1582 ad
892 1540 1052 1583 arma
1074 1520 1434 1581 discurrunt.
1477 1520 1743 1593 Quorum
1759 1520 1996 1582 fremitu
2015 1520 2308 1605 exaudito,

236 1606 332 1685 qui
360 1616 635 1685 torquere
673 1607 952 1669 Biconem
985 1607 1133 1668 iussi
1160 1613 1344 1678 erant,
1387 1606 1654 1679 omisere,
1667 1607 1690 1665 ‘2
1700 1606 1884 1679 veriti,
1923 1624 2002 1667 ne
2025 1606 2088 1668 id
2121 1608 2310 1667 facere

234 1786 375 1848 erat,
404 1777 669 1854 pervenit
683 1778 757 1837 ad
779 1778 1052 1850 GraecoS,
1081 1786 1139 1837 et
1154 1777 1504 1837 miserabilis
1525 1778 1702 1838 facies
1723 1776 2014 1859 supplicio
2037 1778 2312 1839 destinati

232 1860 296 1920 in
324 1860 613 1921 diversum
640 1862 866 1922 animos
894 1869 1135 1940 repente
1160 1861 1421 1936 mutavit,
1467 1861 1798 1942 dimittique
1831 1881 1964 1924 eum
1985 1862 2309 1925 iusserunt.

134 1954 208 2018 11
232 1944 359 2011 Hoc
384 1946 560 2020 modo
585 1952 777 2026 poena
810 1947 901 2008 bis
926 1946 1207 2008 liberatus
1238 1965 1369 2009 cum
1405 1949 1632 2024 ceteris,
1675 1951 1776 2030 qui
1809 1949 2068 2010 colonias
2101 1968 2138 2009 a
2169 1969 2312 2029 rege

233 2031 537 2094 attributas
572 2031 953 2112 reliquerunt,
980 2032 1217 2095 revertit
1250 2032 1311 2094 in
1336 2033 1605 2114 patriam.
1649 2035 1811 2096 Haec
1835 2035 1986 2096 circa
2015 2035 2230 2098 Bactra
2257 2046 2312 2096 et

234 2117 573 2198 Scytharum
600 2119 880 2180 terminos
909 2129 1105 2197 gesta.·

135 2204 213 2268 12
358 2204 591 2266 Interim
613 2223 814 2282 regem
847 2205 1090 2266 duarum
1115 2204 1392 2284 gentium,
1439 2205 1516 2265 de
1547 2205 1761 2286 quibus
1783 2213 1919 2268 ante
1941 2203 2164 2266 dictum
2199 2215 2304 2274 est,

164 2297 187 2314 2
233 2299 462 2350 centum
488 2290 663 2369 legati
688 2291 924 2352 adeunt.
970 2289 1192 2352 Omnes
1221 2308 1395 2351 curru
1426 2290 1805 2365 vehebantur,
1849 2289 2058 2352 eximia
2079 2290 2305 2369 magni-

233 2375 432 2436 tudine
456 2394 789 2456 corporum,
810 2376 1027 2438 decoro
1050 2375 1489 2450 habitu31ineae
1507 2384 1699 2438 vestes
1720 2376 1974 2438 intextae
1993 2395 2144 2438 auro
2167 2395 2306 2455 pur-

133 2467 212 2529 13
230 2464 496 2540 puraque
524 2461 852 2523 distinctae.
895 2463 964 2523 Ei
989 2481 1054 2523 se
1080 2462 1299 2522 dedere
1321 2460 1507 2539 ipsos,
1543 2463 1721 2524 urbes
1745 2481 2055 2542 agrosque,
2083 2463 2304 2522 refere-

134 2719 164 2780 l

230 2544 402 2616 bant3
446 2564 554 2625 per
586 2555 673 2608 tot
706 2555 925 2609 aetates
958 2546 1293 2609 inviolatam
1332 2547 1654 2609 libertatem
1693 2549 1844 2610 illius
1877 2547 2135 2627 primum
2171 2548 2306 2608 fidei

232 2627 553 2709 ditionique
579 2633 1002 2709 permissuros:
1041 2634 1187 2694 deos
1215 2631 1327 2693 sibi
1353 2632 1668 2696 deditionis
1700 2641 1989 2708 auctores,
2029 2651 2154 2694 non
2181 2652 2306 2694 me-

176 2721 212 2777 4
231 2720 376 2787 tum,
404 2715 620 2795 quippe
644 2718 874 2781 intactis
897 2718 1119 2780 viribus
1137 2719 1335 2796 iugum
1357 2719 1646 2797 excipere.
1689 2720 1814 2782 Rex
1837 2718 2084 2782 consilio
2105 2719 2304 2782 habito

233 2798 462 2861 deditos
503 2802 564 2861 in
606 2803 783 2865 fidem
828 2803 1076 2884 accepit,
1120 2803 1433 2882 stipendio,
1481 2807 1640 2884 quod
1678 2805 2012 2868 Arachosiis
2057 2813 2308 2884 utraque

229 2883 388 2945 natio
412 2885 759 2963 pensitabat,
786 2889 1081 2969 imposito.
1124 2889 1437 2951 Praeterea
1462 2909 1506 2950 n
1532 2890 1687 2952 milia
1712 2902 1771 2952 et
1793 2910 1832 2951 n
1859 2890 2088 2970 equites
2113 2891 2307 2972 impe·

135 2971 210 3032 15
229 2977 346 3044 rat,
388 2979 446 3032 et
482 2973 674 3033 omnia
716 2975 1062 3036 obedienter
1098 2994 1127 3034 a
1155 2975 1426 3037 barbaris
1467 2977 1634 3038 facta.
1698 2977 1958 3038 Invitatis
1982 2975 2207 3039 deinde
2235 2979 2302 3038 ad

230 3056 430 3135 epulas
482 3057 687 3134 legatis
740 3060 1000 3138 gentium
1048 3061 1383 3140 regulisque
1428 3062 1698 3124 exornari
1739 3062 2068 3124 convivium
2115 3062 2302 3124 iussit.

230 3141 471 3203 Centum
495 3145 652 3202 aurei
671 3145 803 3207 lecti
828 3146 1075 3208 modicis
1095 3146 1412 3207 intervallis
1433 3149 1608 3226 positi
1634 3157 1830 3221 erant;
1857 3147 2026 3210 lectis
2047 3148 2302 3211 circum-

224 3225 472 3291 dederat
509 3227 707 3291 aulaea
743 3235 1003 3313 purpura
1042 3249 1306 3312 auroque
1341 3233 1643 3311 fulgentia3
1692 3233 1970 3314 quidquid
2009 3242 2113 3294 aut
2145 3233 2298 3314 apud

226 3311 438 3375 Persas
462 3323 659 3376 vetere
688 3317 827 3379 luxu
862 3325 960 3378 aut
993 3319 1147 3398 apud
1174 3318 1526 3381 Macedonas
1551 3339 1702 3382 nova
1735 3319 2146 3382 immutatione
2169 3339 2298 3382 cor-

228 3409 464 3545 ruptugn
512 3411 661 3478 erat,
708 3403 965 3467 confusis
1008 3405 1313 3486 utriusque
1355 3407 1549 3484 gentis
1588 3406 1740 3470 vitiis
1777 3406 1843 3468 in
1887 3405 1986 3468 illo
2028 3406 2298 3478 convivio

182 3549 213 3578 Α
234 3493 642 3635 οεῑθῗυῐῖὲἓὲεῐ
676 3575 857 3654 epulis
884 3573 1209 3656 Dioxippus
1247 3570 1632 3652 Atheniensi&
1679 3577 1842 3658 pugil
1875 3577 2090 3640 nobilis
2127 3587 2188 3642 et
2219 3578 2294 3640 ob
