2417 3900
551 84 692 149 us.
742 84 860 145 vu.
906 83 1030 165 (v.)
1074 86 1237 149 car.
1280 83 1407 149 vn.
1453 76 1705 143 1-19,
1972 30 1981 39 ’
2042 76 2167 138 1:37

113 197 442 268 dicuscibus
464 208 526 263 et
544 201 788 269 cervicis
807 199 1170 269 extenuabat.
1185 201 1380 273 dolos,
1402 200 1631 267 unicos
1644 199 1707 267 in
1734 196 2037 262 consilium
2062 197 2169 257 ad-

101 282 282 344 vocari
305 283 488 348 iubet.
551 286 844 352 Terrebat
869 300 1006 353 eum
1036 302 1164 351 uon
1179 284 1398 358 hastis,
1427 286 1539 349 sed
1562 283 1841 364 iniquitas
1865 282 2167 361 temporis.
2188 288 2231 350 6

100 368 379 429 Bactriani
403 369 772 433 defecerant:
818 370 1071 469 Scythae
1097 370 1274 431 etiam
1293 370 1693 437 lacessebant:
1720 368 1855 449 ipse
1880 384 2002 432 nou
2024 368 2171 429 insi-

2388 0 2397 75 32

2390 82 2397 167 1

94 461 245 517 stere
265 455 334 520 iu
357 462 532 530 terra,
567 474 694 519 non
717 458 872 535 equo
893 455 1046 529 vehi,
1075 444 1469 529 noia-docere,
1497 474 1619 521 nou
1644 452 1869 521 hortari
1892 468 2037 515 suos
2060 470 2175 531 po·
2267 444 2288 463 ⁸
2337 524 2346 532 .
2392 472 2397 499 ι

94 546 258 605 terat.
301 540 558 621 Ancipiti
582 540 846 623 periculo
877 539 1215 623 implicitus,
1256 542 1407 605 deos
1430 558 1663 621 quoque
1690 540 1991 612 incusans,
2030 556 2175 616 que-
2192 540 2234 602 7
2394 614 2396 625 ἢ

87 627 351 699 rebatur,
379 643 448 687 se
465 627 667 691 iacere
685 644 952 706 segnem,
975 627 1144 693 caius
1165 626 1538 715 velocitatem
1559 644 1732 691 nemo
1756 632 1930 687 antea
1956 623 2177 685 valuis-

87 723 183 773 set
218 712 506 790 effugere:
547 713 644 777 vix
673 730 815 775 suos
843 712 1082 778 nederc
1107 730 1235 777 non
1260 710 1525 779 simulari
1548 710 1962 775 valetudinem.

223 795 312 857 Ita
336 795 436 875 qui
470 807 609 879 post
635 798 890 863 Dareum
923 799 1142 865 victum
1173 797 1397 863 ariolos
1432 806 1493 861 et
1516 804 1685 863 vates
1720 796 2031 863 consulere
2072 791 2179 854 de-
2197 792 2241 856 8

87 883 296 955 sierat‚
319 900 522 947 rursus
543 884 620 946 ad
644 884 1142 965 superstitionem,
1175 885 1571 951 humanarum
1596 882 1881 949 mentium
1904 879 2177 954 ludibria,
2286 938 2292 961 ἑ

87 967 394 1060 revolutus
417 970 842 1047 Aristandrum,
869 970 964 1035 cui
987 970 1391 1035 credulitatem
1418 986 1588 1033 suam
1612 968 1935 1043 addixerat,
1971 967 2179 1047 explo-
2288 978 2292 1041 ρ

83 1072 228 1115 rare
249 1062 516 1119 eventum
541 1074 742 1121 rerum
761 1056 1064 1124 sacrificiis
1089 1057 1271 1120 iubet.
1308 1056 1469 1119 Mos
1496 1064 1625 1119 erat
1646 1054 2022 1136 aruspicibus
2048 1060 2180 1113 exta
2287 1100 2297 1105 -

85 1139 220 1201 sine
243 1157 383 1217 rege
407 1150 700 1220 spectare,
727 1152 788 1204 et
809 1160 964 1223 quae
985 1143 1505 1223 portenderentur,
1532 1144 1779 1203 reterre.
1844 1140 2008 1201 Inter
2032 1138 2182 1197 haec
2196 1143 2239 1204 9

79 1243 216 1297 rex,
259 1226 398 1289 dum
422 1227 591 1291 fibris
615 1228 914 1307 pecudum
937 1228 1321 1308 explorantur
1346 1234 1591 1289 eventus
1626 1224 1933 1289 latentium
1961 1238 2180 1292 rerum,

81 1311 338 1389 propius
358 1310 553 1389 ipsum
585 1312 902 1375 considere
923 1311 1144 1375 amicos
1176 1312 1363 1386 iuhet,
1397 1329 1478 1371 ne
1504 1308 1881 1371 contentione
1910 1305 2071 1369 vocis
2099 1305 2181 1367 ci—

85 1396 368 1457 catricem
405 1396 704 1460 infirmam
744 1396 942 1459 adhuc
980 1403 1299 1475 rumperet.
1365 1393 1755 1475 Hephaestio,
1806 1393 2079 1455 Craterus
2126 1399 2185 1451 et

81 1480 360 1560 Erigyius
384 1490 556 1543 erant
575 1500 710 1543 cum
735 1479 1088 1546 custodibus
1110 1480 1174 1544 in
1195 1480 1639 1543 tabernaculum
1658 1478 1921 1541 admissi.
1965 1476 2185 1537 Discri-
2206 1478 2287 1541 10

81 1586 248 1643 men,
283 1566 494 1646 inquit,
532 1584 630 1629 me
656 1566 964 1647 occupavit
990 1566 1231 1629 meliore
1253 1565 1515 1629 hostium
1542 1582 1721 1645 quam
1742 1582 1875 1625 meo
1900 1571 2186 1643 tempore.

83 1652 220 1715 Sed
244 1651 570 1716 necessitas
592 1660 728 1715 ante
749 1652 1044 1715 rationem
1064 1659 1170 1726 est,
1191 1651 1443 1715 maxime
1457 1651 1521 1713 in
1540 1650 1714 1726 hello,
1744 1668 1862 1729 quo
1886 1666 2025 1711 raro
2049 1665 2188 1728 per-

79 1737 348 1801 mittitur
372 1744 638 1818 tempora
664 1738 878 1818 legere.
937 1739 1221 1801 Defecere
1242 1736 1553 1812 Bactriani,
1582 1736 1643 1798 in
1668 1754 1920 1818 quorum
1948 1733 2188 1800 cervici-
2210 1732 2288 1797 11

81 1825 215 1885 bus
241 1831 480 1899 stamus,
524 1832 584 1887 et
607 1834 889 1905 quantum
921 1824 986 1887 in
1021 1824 1198 1889 nobis
1228 1825 1407 1889 animi
1436 1823 1530 1899 sit,
1574 1822 1765 1888 alieno
1792 1822 1982 1885 Marte
2008 1838 2187 1901 expe—

79 1909 350 1972 riuntur.
411 1906 566 1974 Haut
587 1911 766 1976 dubia
787 1913 1044 1988 fortuna,
1083 1910 1134 1976 si
1167 1910 1548 1976 omiserimus
1572 1910 1815 1992 Scythas
1841 1909 1994 1973 ultro
2024 1924 2187 1970 arma

81 1995 434 2070 inferentes,
480 1995 800 2078 contempti
839 2001 916 2060 ad
949 1999 1102 2073 illos,
1145 1999 1248 2078 qui
1288 1999 1651 2071 defecerunt,
1695 2005 2088 2060 revertemur:
2135 1992 2188 2054 si
2212 1991 2293 2052 12

87 2099 235 2142 vero
254 2081 499 2148 Tanaim
523 2084 932 2148 transierimus
952 2091 1012 2145 et
1035 2083 1257 2164 ubique
1276 2083 1526 2148 invictos
1550 2100 1685 2144 esse
1708 2100 1818 2142 nos
1840 2080 2189 2158 Scytharum

85 2165 363 2248 pernicie
389 2185 458 2228 ac
484 2169 772 2247 sanguine
799 2168 1255 2241 ostenderimuS,
1299 2168 1429 2246 quis
1459 2164 1748 2235 dubitabit
1776 2163 1987 2244 parere
2017 2162 2192 2223 etiam

25 2265 34 2282 ’
83 2253 374 2332 Europae
394 2251 759 2315 victoribus?
803 2253 1059 2326 Fallitur,
1102 2252 1202 2330 qui
1228 2251 1512 2312 terminos
1538 2249 1759 2327 gloriae
1790 2255 2031 2309 nostrae
2066 2263 2193 2304 me-
2215 2250 2295 2313 13

85 2341 241 2402 titur
262 2336 474 2416 spatio,
501 2338 662 2417 quod
685 2337 986 2400 transituri
1010 2355 1238 2398 sumuS.
1280 2335 1447 2396 Unus
1472 2333 1660 2398 amnis
1682 2330 1982 2403 interfluit,
2020 2326 2193 2407 quem

87 2425 146 2488 si
169 2421 515 2496 traiicimus,
537 2422 600 2486 iu
623 2423 925 2503 Europam
947 2439 1109 2492 arma
1135 2421 1510 2502 proferimus·
1554 2419 1629 2480 Et
1651 2417 1854 2497 quanti
1875 2414 2194 2477 aestiman-
2217 2422 2296 2483 14

91 2513 244 2572 dum
273 2517 384 2583 est,
419 2510 562 2572 dum
585 2509 784 2570 Asiam
813 2507 1159 2588 subigimuS,
1195 2507 1257 2567 in
1283 2507 1397 2568 alio
1423 2504 1863 2584 quodammodo
1895 2502 2039 2564 orbe
2069 2511 2194 2563 tro-

91 2613 252 2677 paea
277 2603 553 2670 statuere,
591 2605 654 2658 et
675 2613 830 2675 quae
854 2604 976 2656 tam
1001 2594 1180 2671 longo
1204 2591 1511 2654 intervallo
1538 2598 1748 2654 natura
1771 2589 2003 2650 videtur
2032 2588 2191 2651 dire-

91 2682 308 2754 misse,
346 2699 464 2742 una
486 2680 730 2742 victoria
751 2680 949 2743 subito
977 2674 1389 2742 committere?
1432 2678 1507 2738 At
1526 2676 1767 2739 hercule
1791 2675 1842 2738 si
1867 2675 2192 2755 paullulum
2215 2681 2293 2742 15

97 2765 552 2840 cessaverimuS,
593 2767 658 2830 in
681 2764 1117 2846 tergis-nostris
1141 2765 1390 2844 Scythae
1411 2763 1759 2826 haerebunt,
1824 2763 1915 2824 An
1941 2761 2052 2823 soli
2088 2781 2193 2824 su-

99 2871 256 2925 muS,
299 2852 400 2929 qui
423 2853 664 2915 flumina
694 2861 1004 2915 transnare
1034 2847 1399 2932 possumus?
1466 2848 1648 2911 Multa
1671 2847 1735 2912 in
1760 2855 1995 2910 nosmet
2030 2848 2195 2929 ipsos

99 2936 390 3012 recident,
418 2938 634 3017 quibus
651 2940 850 3002 adhuc
869 2938 1136 3000 vicimus.
1180 2935 1441 2999 Fortuna
1464 2935 1604 2998 helli
1626 2943 1808 2996 artem
1835 2934 2021 2998 victos
2045 2953 2197 3016 quo·
2216 2933 2297 2996 16

100 3041 222 3104 que
245 3023 438 3086 docet.
483 3024 723 3090 Utribus
747 3043 982 3090 amnem
1005 3021 1333 3088 traiiciendi
1356 3021 1686 3103 exemplum
1704 3020 1947 3084 fecimus
1972 3036 2193 3100 nuper:

97 3111 246 3180 hoc,
277 3117 344 3172 ut
363 3110 613 3190 Scythae
635 3111 850 3175 imitari
873 3111 1160 3183 nesciant,
1185 3105 1481 3172 Bactriani
1507 3107 1821 3174 docebunt.
1884 3108 2195 3169 Praeterea
2216 3101 2297 3163 17

100 3215 264 3260 unus
309 3195 504 3275 gentis
540 3196 718 3260 huius
756 3197 1048 3262 exercitus
1085 3195 1281 3259 adhuc
1319 3193 1494 3269 venit,
1542 3193 1719 3258 ceteri
1759 3195 2194 3274 exspectantur.

101 3283 194 3346 Ita
221 3281 446 3344 bellum
473 3282 708 3345 vitando
737 3283 981 3359 alemus,
1021 3290 1080 3345 et
1105 3279 1265 3362 quod
1296 3280 1517 3342 inferre
1546 3297 1889 3362 possumuS,
1926 3273 2197 3352 accipere

104 3385 416 3448 cogemur.
483 3367 794 3430 Manifesta
827 3377 920 3432 est
952 3366 1182 3431 consilii
1213 3365 1333 3428 mei
1356 3365 1523 3429 ratio.
1590 3366 1709 3428 Sed
1743 3382 1819 3424 an
1850 3356 2194 3439 permissuri
2217 3355 2297 3420 18

105 3453 234 3518 sint
267 3453 412 3516 mihi
443 3453 800 3516 Macedones
835 3452 1030 3516 animo
1065 3453 1151 3516 nti⁴
1181 3469 1337 3526 meo,
1378 3450 1617 3524 dubit03
1664 3447 1799 3526 quia
1840 3462 1911 3504 ex
1937 3460 2056 3520 quo
2080 3442 2197 3504 hoc

103 3541 328 3604 vulnus
348 3539 568 3621 accepi,
587 3558 712 3602 non
732 3556 885 3620 equo
903 3545 1104 3602 vectus
1119 3555 1275 3614 sum,
1298 3555 1420 3600 non
1436 3534 1687 3616 pedihus
1707 3530 2032 3606 ingressus,
2079 3528 2198 3590 Sed
2219 3525 2297 3588 19
