2417 3900
272 136 397 197 156
720 132 835 195 ‘DE
878 129 1143 191 GESTIS
1185 126 1614 191 ALEXANDRI
1656 78 1896 188 MAGM

215 268 255 329 3
274 255 462 321 centis
484 251 621 315 mali
642 251 961 332 praeteriit.
996 230 1207 310 'Tertio
1227 248 1300 309 ab
1321 246 1482 309 omni
1497 254 1666 327 parte
1691 247 1836 307 coeli
1855 245 2111 307 emicare
2130 247 2367 326 fulgura

206 394 212 411 .
274 351 334 403 et
361 336 913 402 nuncinternitente
938 336 1067 397 luce
1091 352 1252 395 nunc
1277 334 1508 401 condita
1530 349 1652 394 non
1679 332 1882 393 oculos
1904 332 2088 393 modo
2106 337 2368 395 meantis

214 440 256 498 4
275 426 585 498 exercitus,
612 424 719 484 sed
748 424 921 485 etiam
946 420 1174 483 animos
1198 428 1424 481 terrere
1449 426 1790 498 coeperunt.
1831 418 1974 480 Erat
1997 436 2201 497 prope
2227 440 2370 483 con-

273 514 476 574 tinuus
508 509 655 571 coeli
685 511 883 589 fragor
918 514 977 569 et
1000 506 1221 587 passim
1249 504 1584 567 cadentium
1611 502 1917 565 fulminum
1943 504 2188 583 species
2215 506 2369 568 vise-

271 599 467 670 batur,
486 595 869 674 attonitisque
891 592 1129 655 auribus
1152 600 1398 672 stupens
1416 608 1624 669 agmen
1647 607 1760 651 nec
1783 589 2064 670 progredi
2083 608 2208 652 nec
2225 610 2370 654 con-

214 696 253 753 5
273 684 491 745 sistere
516 681 788 743 audebat.
852 680 1004 741 Tum
1034 687 1282 757 repente
1313 676 1503 737 imber
1533 674 1878 754 grandinem
1915 675 2220 738 incutiens
2247 687 2370 740 tor-

269 768 457 830 rentis
484 767 665 828 modo
692 764 1026 827 effunditur.
1067 763 1153 824 Ac
1174 762 1366 842 primo
1395 760 1631 841 quidem
1655 761 1836 823 armis
1863 762 1988 823 suis
2011 762 2164 823 tecti
2197 782 2366 825 exce-

270 859 503 932 perant,
552 852 659 913 sed
691 851 808 912 iani
844 868 957 911 nec
988 848 1246 910 retinere
1277 864 1438 908 arma
1473 847 1731 909 lubricae
1763 854 1820 907 et
1856 846 2121 926 rigentes
2147 868 2366 912 manus

272 943 569 1016 poterant,
598 954 711 997 nec
730 934 845 1015 ipsi
872 932 1187 1007 destinare,
1210 932 1274 993 in
1298 950 1470 1013 quam
1495 932 1800 1011 regionem
1821 932 2210 997 obverterent
2235 956 2368 998 cor-

273 1040 439 1103 pora,
466 1039 646 1101 quum
663 1020 923 1101 undique
942 1018 1308 1099 tempestatis
1329 1018 1602 1079 violentia
1619 1018 1827 1095 maior,
1853 1036 2030 1099 quam
2049 1020 2367 1099 vitabatur,

214 1118 256 1179 6
275 1116 635 1170 occurreret.
698 1106 855 1185 Er30
894 1105 1199 1168 ordinibus
1227 1104 1431 1166 solutis
1464 1122 1574 1183 per
1596 1110 1786 1165 totum
1827 1106 2043 1167 saltum
2071 1108 2372 1170 err-abun·
2409 1154 2412 1167 ,

276 1195 417 1257 dum
444 1212 658 1272 agmen
685 1193 1000 1266 ferebatur,
1028 1190 1312 1271 multique
1338 1189 1500 1270 prius
1525 1182 1686 1253 metu
1717 1208 1890 1269 quam
1915 1191 2117 1253 labore
2141 1192 2374 1255 defati-

224 1310 232 1321 ·
275 1280 393 1359 gati
415 1287 855 1359 prostraverant
875 1276 1038 1339 humi
1064 1294 1333 1357 corpora,
1365 1293 1715 1356 quamquam
1738 1275 1988 1337 imbrem
2009 1277 2099 1338 vis
2123 1278 2374 1358 trigoris

214 1373 256 1435 7
276 1374 553 1426 concreto
574 1366 708 1445 gelu
726 1363 1093 1426 astrinxerat.
1129 1362 1243 1424 Alii
1259 1380 1326 1423 se
1343 1360 1640 1441 stipitibus
1657 1362 1938 1423 arborum
1957 1362 2370 1427 admoverant.

215 1458 256 1519 8
274 1451 342 1512 ld
369 1450 637 1531 plurimis
662 1462 720 1511 et
739 1449 1153 1512 adminiculum
1176 1457 1235 1510 et
1259 1448 1576 1527 suffugium
1601 1456 1742 1510 erat.
1787 1447 1910 1509 Nec
1932 1448 2180 1511 fallebat
2201 1450 2369 1531 ipsos

272 1537 450 1597 morti
472 1538 667 1598 locum
690 1536 924 1615 eligere,
952 1552 1131 1615 quum
1148 1534 1482 1597 immobiles
1505 1534 1694 1596 vitalis
1720 1534 1882 1595 calor
1899 1534 2236 1615 linqueret:
2267 1539 2366 1599 sed

274 1630 439 1701 grata
465 1630 591 1683 erat
614 1621 845 1702 pigritia
870 1638 1186 1701 corporum
1220 1619 1489 1699 fatigatis,
1529 1636 1642 1681 nec
1677 1619 2035 1681 recusabant
2067 1622 2366 1702 exstingui

274 1706 655 1785 quiescendo.
726 1706 959 1786 Quippe
996 1725 1119 1768 non
1153 1706 1472 1767 vehemens
1497 1705 1698 1780 modo,
1740 1705 1850 1767 sed
1879 1706 2054 1767 etiam
2092 1709 2362 1787 pertinax

274 1790 361 1853 vis
391 1791 531 1851 mali
560 1790 886 1866 insistebat,
932 1792 1261 1870 lucemque,
1303 1792 1570 1853 naturale
1599 1789 1889 1866 solatium,
1937 1801 2188 1872 praeter
2219 1800 2362 1855 tem-

273 1883 563 1957 pestatem
588 1876 747 1937 haud
775 1876 1069 1957 disparem
1096 1876 1256 1939 nocti
1281 1876 1553 1939 silvarum
1577 1894 1812 1959 quoque
1839 1876 2052 1939 umbra
2075 1897 2362 1962 suppres-

214 1974 253 2034 9
276 1969 455 2025 serat.
501 1963 626 2024 Rex
647 1979 801 2024 unus
828 1963 976 2024 tanti
1000 1963 1135 2024 mali
1162 1963 1392 2042 patiens
1420 1961 1724 2026 circumire
1749 1962 1980 2040 milites,
2007 1968 2363 2028 contrahere
2407 2011 2410 2024 ,

274 2048 603 2128 dispersoS,
646 2048 896 2110 allevare
935 2059 1294 2130 prostratos„
1337 2050 1652 2111 ostendere
1694 2051 1902 2130 procul
1943 2051 2256 2114 evolutum
2301 2073 2362 2114 ex

271 2134 522 2212 tuguriis
546 2135 773 2196 sumum
803 2135 1162 2215 hortarique,
1201 2143 1280 2198 ut
1301 2135 1567 2215 proxima
1605 2153 1873 2216 quaeque
1907 2137 2170 2215 suffugia
2195 2157 2362 2200 occu-

176 2229 255 2291 10
271 2228 502 2301 parent.
566 2220 694 2283 Nec
716 2221 832 2282 ulla
856 2239 953 2282 res
988 2221 1180 2300 magis
1210 2221 1380 2283 saluti
1401 2221 1528 2296 fuit,
1577 2240 1751 2303 quam
1786 2221 1946 2302 quod
1972 2223 2360 2304 multiplicato
2407 2239 2409 2248 ·

271 2307 479 2370 labore
502 2307 893 2370 sufficientem
918 2307 1103 2382 malie,
1132 2307 1346 2396 quibus
1363 2307 1481 2388 ipsi
1507 2315 1827 2384 cesserant,
1852 2325 2058 2388 regem
2080 2310 2358 2373 deserere
2407 2365 2409 2400 j

273 2393 723 2456 erubescebant.
1247 2445 1251 2455 .

176 2485 253 2547 11
408 2479 687 2540 Ceterum
712 2475 1004 2539 efficacior
1024 2476 1085 2538 in
1108 2476 1373 2539 adversis
1398 2478 1720 2539 necessitas
1745 2494 1922 2557 quam
1947 2479 2100 2542 ratio
2129 2483 2360 2562 frigoris

274 2563 599 2625 remedium
620 2562 856 2626 invenit.
900 2561 1172 2624 Dolabris
1196 2563 1354 2624 enim
1374 2562 1548 2624 silvas
1567 2572 1832 2630 sternere
1851 2566 2122 2644 aggressi
2145 2569 2358 2648 passim

178 2653 256 2716 12
274 2663 517 2709 acervos
539 2657 855 2728 struesque
877 2648 1295 2711 accenderunt.
1339 2648 1675 2712 Continenti
1693 2647 1968 2711 incendio
1992 2651 2215 2714 ardere
2239 2673 2358 2715 cre-

276 2731 451 2794 deres
472 2734 689 2796 saltum
713 2741 771 2796 et
787 2733 881 2794 vix
897 2733 1052 2796 inter
1070 2735 1337 2796 flammas
1359 2734 1687 2812 agminibus
1705 2735 1968 2797 relictum
1990 2735 2218 2801 locum.
2263 2739 2358 2800 Hic

278 2818 440 2878 calor
468 2820 767 2900 stupentia
794 2819 1060 2881 membra
1087 2820 1402 2884 commovit
1431 2819 1847 2900 paullatimque
1873 2820 2141 2902 spirituS,
2191 2843 2356 2905 quem

176 2909 255 2972 13
276 2903 647 2968 continuerat
672 2907 850 2986 rigor,
874 2922 1075 2967 meare
1098 2906 1281 2967 libere
1300 2907 1510 2987 coepit.
1555 2907 1853 2986 Excepere
1876 2907 2024 2969 alios
2041 2917 2208 2972 tecta
2229 2911 2356 2972 bar-

272 2989 575 3065 barorum,
598 3019 602 3024 ’
624 3009 777 3071 quae
810 2992 872 3052 in
898 2991 1101 3054 ultimo
1137 2993 1288 3055 saltu
1311 2992 1505 3054 abdita
1531 2991 1854 3053 necessitas
1887 2993 2353 3074 investigaverat,

274 3073 421 3136 alios
448 3085 657 3152 castra,
704 3095 853 3158 quae
888 3077 950 3139 in
975 3077 1218 3138 humido
1243 3078 1499 3159 quidem,
1543 3079 1649 3140 sed
1687 3077 1805 3138 iam
1841 3079 1989 3140 coeli
2014 3080 2352 3144 mitescente

274 3161 513 3224 saevitia
547 3163 906 3225 locaverunt.
969 3162 1100 3227 Duo
1126 3163 1284 3225 milia
1309 3163 1554 3226 militum
1584 3171 1760 3244 atque
1785 3163 2036 3226 lixarum
2060 3167 2352 3230 calonum-

177 3247 259 3310 14
276 3267 393 3328 que
431 3249 616 3329 pestis
653 3250 752 3312 illa
780 3248 1168 3328 consumpsit.
1239 3248 1552 3312 Memoriae
1589 3249 1888 3331 proditum
1913 3259 2026 3325 est,
2070 3256 2354 3332 quosdam

228 3391 233 3398 .
274 3334 600 3414 applicatos
624 3337 905 3399 arborum
924 3335 1151 3397 truncis
1172 3341 1230 3394 et
1247 3354 1372 3397 non
1397 3337 1588 3400 solum
1615 3335 1961 3412 viventibuS,
1991 3339 2104 3399 sed
2131 3349 2197 3402 et
2215 3341 2356 3401 inter

275 3438 340 3481 se
360 3423 829 3504 colloquentibus
852 3419 1074 3483 similes
1096 3439 1229 3482 esse
1252 3431 1620 3504 conspectos,
1649 3423 1896 3486 durante
1917 3422 2120 3486 adhue
2140 3426 2358 3491 habitu.
2406 3495 2407 3498 ,

177 3500 257 3562 15
275 3504 337 3564 in
362 3526 479 3586 quo
504 3529 669 3576 mors
704 3525 998 3592 quemque
1022 3508 1514 3588 deprehenderat.
1577 3509 1754 3571 Forte
1779 3507 2022 3571 Macedo
2050 3511 2356 3591 gregarius
2406 3504 2407 3546 l

273 3591 445 3654 miles
478 3613 667 3676 seque
706 3605 767 3662 et
798 3613 960 3657 arma
1000 3599 1340 3658 sustentans
1375 3596 1616 3658 tandem
1651 3594 1716 3657 in
1751 3603 1940 3658 castra
1977 3602 2356 3674 pervenerat.

598 3707 637 3726 ῥ
