2417 3900
195 139 240 200 0
637 135 736 197 DE
779 131 1044 194 GESTIS
1097 127 1529 192 ALEXANDRI
1578 127 1820 190 MAGNI

199 253 588 338 quadraginta
602 252 765 315 milia
787 252 1052 333 peditum
1081 256 1475 311 armaverant:
1522 247 1791 328 pluribus
1812 263 1953 310 aere
1982 248 2263 309 aut‘Berro

196 342 497 425 praefixae
520 340 744 412 hastae,
792 337 1030 418 quidam
1052 335 1275 414 lignum
1298 333 1420 415 igni
1449 334 1818 396 duraverant.
1886 333 2009 396 Hos
2028 349 2268 414 quoque

138 435 181 498 8
199 429 320 491 duo
357 426 514 488 milia
539 425 801 506 equitum
847 441 918 484 ex
969 424 1174 483 eadem
1209 431 1387 500 gente
1430 421 1703 482 comitata
1742 427 1901 484 sunt.
1970 421 2021 481 A
2052 419 2270 500 Caspio

195 513 347 577 mari
381 519 514 574 octo
551 511 772 573 milium
803 509 1082 590 pedester
1117 507 1407 571 exercitus
1438 517 1703 583 venerat,
1748 505 1986 570 ducenti
2019 506 2269 586 equites.

197 599 344 662 Cum
365 598 459 659 his
485 605 654 659 erant
676 596 968 676 ignobiles
988 595 1134 658 aliae
1156 601 1396 674 gentes:
1442 594 1560 655 duo
1580 593 1737 655 milia
1760 593 2026 674 peditum
2041 639 2056 666 ‚
2103 592 2271 673 equi-

138 687 180 748 9
198 693 323 748 tum
359 681 653 762 duplicem
685 689 1036 764 paraverant
1061 693 1395 743 numerum.
1489 679 1595 742 His
1634 680 1823 759 copiis
1850 679 2086 758 triginta
2112 677 2273 740 milia

199 771 559 832 Graecorum
596 770 870 832 mercede
921 767 1209 830 conducta
1227 814 1242 840 ‚
1304 765 1575 846 egregiae
1623 764 1939 828 iuventutis
1952 811 1967 840 ‚
2021 763 2270 826 adiecta.

196 857 348 918 Nam
375 855 720 917 Bactrianos
747 865 806 916 et
833 853 1166 934 Sogdianos
1205 859 1265 914 et
1297 852 1480 914 Indos
1519 857 1867 932 ceterosque
1900 849 2065 914 rubri
2091 851 2273 912 maris

191 942 430 1004 ‘accolas
443 989 457 1015 ,
504 941 706 1020 ignota
731 941 905 1004 etiam
930 939 1044 1022 ipsi
1061 938 1326 1018 gentium
1348 937 1617 1013 nomina,
1666 936 1961 1001 festinatio
1990 937 2273 1018 prohibe-

199 1028 302 1090 hat
319 1027 514 1088 acciri.

99 1107 180 1172 lo
327 1113 454 1175 Nec
485 1111 796 1192 quicquam
833 1110 918 1172 illi
949 1111 1143 1173 minus
1193 1127 1371 1191 quam
1416 1109 1729 1172 multitudo
1776 1108 2024 1172 militum
2066 1107 2275 1170 deluit.

199 1199 380 1262 Cuius
407 1209 529 1260 tum
547 1197 864 1274 ¹universae
889 1204 1134 1278 aspectu
1155 1197 1476 1259 admodum
1497 1196 1704 1272 laetuS,
1730 1193 2072 1276 purpuratis
2101 1193 2277 1256 solita

199 1286 456 1348 vanitate
505 1301 675 1364 spem
731 1283 860 1344 eius
903 1283 1277 1358 inflantibuS,
1351 1300 1673 1345 conversus
1731 1282 1806 1343 ad
1852 1281 2273 1344 Charidemum

198 1371 656 1444 Atheniensem,
710 1369 846 1432 belli
879 1370 1134 1450 peritum
1159 1378 1219 1432 et
1245 1369 1322 1433 ob
1350 1369 1586 1432 exilium
1611 1368 1893 1432 infestum
1918 1367 2274 1442 Alexandro,

203 1456 424 1542 quippe
439 1455 696 1520 -Athenis
733 1455 976 1518 iubente
1011 1475 1082 1518 eo
1115 1458 1309 1519 fuerat
1344 1457 1656 1538 expulsae,
1692 1453 2026 1536 percontari
2062 1453 2275 1536 coepit,

99 1541 180 1603 11
200 1542 424 1605 satisne
451 1543 503 1604 ei
538 1542 834 1604 videretur
857 1543 1176 1606 instructus
1204 1543 1281 1605 ad
1324 1542 1715 1605 obterendum
1736 1537 2022 1604 hostem?
2070 1541 2142 1604 At
2178 1535 2277 1602 ille

201 1638 261 1690 et
280 1647 424 1690 suae
450 1628 628 1691 sortis
655 1636 714 1689 et
732 1629 929 1709 regiae
951 1629 1264 1710 superbiae
1283 1628 1525 1703 oblitus,
1562 1629 1813 1703 Verum,
1852 1627 2069 1709 iuquit,
2118 1633 2178 1690 et
2210 1635 2280 1690 tu

201 1715 404 1775 forsan
427 1714 634 1776 audire
652 1714 822 1788 noliS,
877 1722 934 1776 et
957 1733 1086 1794 ego,
1123 1714 1236 1776 nisi
1264 1732 1423 1777 nunc
1449 1713 1674 1789 dixero,
1715 1713 2279 1797 alias-nequicquam

98 1795 180 1860 12
201 1800 550 1862 confitebor.
623 1797 732 1861 Hic
757 1800 901 1861 tanti
925 1807 1245 1881 apparatus
1272 1800 1583 1877 exercitae,
1626 1799 1775 1863 haec
1802 1808 1892 1866 tot
1926 1799 2189 1882 gentium
2222 1808 2281 1863 et

199 1885 382 1952 totius
424 1885 668 1949 orientis
708 1885 892 1949 excita
928 1886 1170 1949 sedibus
1214 1885 1338 1947 suis
1382 1889 1572 1950 moles
1608 1886 1871 1951 finitimis
1908 1894 2281 1970 potestesse

197 1972 506 2035 terribilis:
555 1971 704 2034 nitet
740 1977 1002 2053 purpura
1051 1991 1342 2053 auroque,
1394 1973 1575 2053 fulget
1616 1974 1793 2037 armis
1847 1982 1906 2037 et
1948 1973 2278 2056 opulentia,

200 2069 478 2137 quantam
507 2059 606 2139 qui
633 2058 818 2119 oculis
843 2077 968 2119 non
999 2058 1335 2134 subiecere,
1386 2058 1596 2121 animis
1622 2060 1942 2141 concipere
1973 2079 2096 2123 nou
2129 2072 2281 2140 pos-

97 2146 179 2211 13
201 2153 361 2207 sunt.
436 2144 556 2207 Sed
597 2144 989 2206 Macedonum
1028 2144 1209 2219 acies,
1258 2151 1427 2207 torva
1472 2163 1617 2207 sane
1668 2154 1727 2208 et
1766 2146 2018 2222 inculta,
2069 2145 2281 2227 clipeis

196 2231 505 2311 hastisque
539 2230 873 2293 immobiles
913 2249 1138 2293 cuneos
1167 2236 1229 2292 et
1278 2230 1538 2295 conferta
1556 2232 1794 2294 robora
1818 2233 2084 2297 virorum
2110 2232 2281 2314 tegit.

77 2378 85 2393 .
195 2316 319 2397 Ipsi
363 2316 718 2399 phalangem
766 2325 1002 2392 vocant,
1067 2316 1334 2398 peditum
1391 2316 1601 2381 stabile
1640 2335 1903 2400 agmen:
1979 2319 2069 2382 vir
2126 2318 2275 2395 viro,

197 2404 374 2465 armis
416 2422 576 2465 arma
611 2411 884 2465 conserta
921 2412 1087 2467 sunt:
1135 2405 1207 2466 ad
1257 2413 1465 2467 nutum
1509 2406 1808 2467 monentis
1846 2404 2058 2468 intenti
2104 2404 2277 2487 sequi

96 2487 178 2551 14
205 2488 400 2567 signa,
439 2489 679 2550 ordines
716 2506 951 2549 servare
988 2489 1267 2551 didicere.
1316 2491 1488 2563 Quod
1521 2491 1876 2572 imperatur,
1920 2510 2131 2555 omnes
2170 2510 2277 2553 ex-

197 2573 475 2635 audiunt:
541 2573 865 2646 obsistere,
923 2573 1256 2650 circumire,
1306 2575 1640 2640 discurrere
1673 2577 1737 2640 in
1776 2594 1993 2653 cornu,
2044 2585 2279 2641 mutare

93 2657 176 2721 15
193 2676 482 2738 pugnam,
530 2678 652 2722 non
701 2660 886 2721 duces
935 2660 1122 2741 magis
1175 2679 1350 2742 quam
1389 2662 1601 2727 milites
1638 2662 1867 2728 callent.
1912 2664 1999 2726 Ac
2034 2683 2111 2726 ne
2147 2664 2276 2727 auri

195 2745 542 2825 argentique
563 2745 761 2808 studio
784 2746 976 2808 teneri
1002 2754 1196 2827 putes,
1246 2748 1443 2812 adhuc
1461 2748 1559 2815 illa
1584 2750 1895 2832 disciplina
1917 2758 2276 2832 paupertate

192 2830 474 2909 magistra
493 2832 669 2895 stetit.
711 2830 990 2910 Fatigatis
1015 2833 1233 2899 humus
1260 2835 1451 2898 cubile
1476 2846 1595 2913 est3
1644 2838 1810 2901 cibus
1826 2884 1841 2913 ‚
1889 2856 2065 2919 quem
2092 2856 2279 2901 occu-

92 2914 174 2976 16
194 2927 366 2997 pant,
412 2916 614 2993 satiat;
668 2926 940 2998 tempora
977 2921 1172 2983 somni
1205 2922 1423 2985 artiora
1474 2939 1649 3004 quam
1685 2922 1878 2985 noctis
1916 2930 2077 2985 sunt.
2147 2924 2278 2987 Iam

192 3001 462 3065 Thessali
491 3002 715 3082 equites
754 3011 813 3066 et
847 3005 1184 3069 Acarnanes
1220 3008 1559 3090 Aetolique,
1580 3010 1812 3072 invicta
1846 3008 2003 3073 bello
2038 3027 2279 3087 manus,

191 3088 414 3162 fundis,
465 3089 666 3162 credo,
710 3100 768 3151 et
794 3090 979 3153 hastis
1011 3093 1149 3173 igne
1186 3093 1411 3157 duratis
1436 3092 1848 3177 repellentur?
1885 3094 2023 3157 Pari
2052 3092 2277 3158 robore

193 3192 344 3254 opus
387 3182 496 3237 est.
563 3174 632 3236 In
685 3175 782 3238 illa
817 3184 1003 3253 terra,
1060 3198 1214 3260 quae
1240 3181 1353 3243 hos
1394 3180 1626 3262 genuit,
1678 3180 1890 3243 auxilia
1931 3183 2275 3264 quaerenda

192 3269 360 3323 sunt:
409 3270 720 3341 argentum
759 3261 914 3326 istud
951 3273 1129 3347 atque
1171 3285 1379 3330 aurum
1415 3267 1489 3331 ad
1534 3266 1993 3331 conducendum
2024 3268 2272 3331 militem

17 3398 22 3407 .
87 3344 172 3407 17
190 3346 376 3409 mitte.
420 3347 565 3410 Erat
587 3348 777 3413 Dareo
802 3350 942 3413 mite
969 3370 1039 3414 ac
1065 3354 1370 3415 tractabile
1394 3354 1719 3435 ingenium,
1758 3353 1873 3416 nisi
1896 3373 2063 3418 suam
2094 3360 2299 3434 natu-5-

18 3468 20 3475 ·
187 3450 313 3495 ram
331 3434 679 3517 plerumque
701 3438 935 3500 fortuna
964 3448 1391 3520 corrumperet.
1442 3442 1647 3521 ltaque
1669 3439 1929 3504 veritatis
1953 3438 2270 3524 impatiens,
2302 3468 2320 3510 ·,

187 3518 480 3595 *epitom
519 3540 589 3585 ac
628 3522 957 3605 supplicem
993 3534 1136 3591 tunc
1183 3545 1369 3608 quum
1410 3527 1667 3591 maxime
1710 3526 1870 3592 utilia
1916 3526 2265 3589 suadentem
2320 3556 2339 3598 ι

345 3606 448 3669 ahi
498 3610 672 3673 iussit
717 3610 793 3674 ad
842 3611 1088 3692 capitale
1134 3612 1509 3695 supplicium.
1575 3614 1684 3678 Ille
1724 3632 1805 3678 ne
1852 3620 1980 3677 tum
2026 3611 2249 3694 quiden-
2320 3644 2352 3687 a

2190 3754 2216 3871 ι’

2352 87 2403 248 ἰ

2384 251 2403 318 -κλ
