2417 3900
549 49 690 110 us.
733 49 830 110 ιν.
873 45 1004 128 (11.)
1048 48 1210 110 car.
1250 45 1421 108 xm:
1454 43 1707 108 6-28,
2076 44 2162 108 57

101 169 404 230 Persarum
429 185 614 230 cornu
636 165 944 228 demittere
969 163 1247 244 agitabat,
1287 167 1471 228 modo
1493 174 1657 230 recta
1685 168 1881 228 fronte
1906 184 2161 230 concur·-

99 271 224 315 rere
256 252 428 327 hosti,
473 253 772 316 interdum
801 250 1115 326 haesitare,
1162 267 1241 314 an
1280 253 1479 331 potius
1514 254 1577 316 in
1600 254 1834 316 laevum
1858 261 2165 333 torqueret
2257 311 2265 316 .

99 359 320 420 agmen.
364 340 630 402 Tandem
651 344 954 418 gravatum
974 333 1155 401 animi
1169 337 1459 403 anxietate
1478 358 1697 421 corpus
1720 340 1893 402 altior
1912 357 2159 404 somnus
2182 339 2265 401 17

99 435 458 590 οΡΡῖἓῗιῗὲᾖο
483 511 614 572 luce
642 514 774 570 orta
799 508 982 570 duces
1003 505 1080 567 ad
1103 503 1449 588 accipienda
1471 510 1717 610 imperia
1742 500 2165 586 convenerant,

92 598 326 660 insolito
367 597 522 658 circa
558 602 920 675 praetorium
953 591 1188 656 silentio
1222 595 1483 658 attoniti:
1550 615 1769 678 quippe
1794 597 1940 659 alias
1968 615 2171 663 aecer.-
2196 596 2277 659 18

91 702 225 746 sere
261 684 430 764 ipsos
457 689 515 744 et
544 681 841 743 interdum
864 685 1164 743 morantes
1189 681 1483 762 castigare
1506 691 1869 758 assueverat,
1916 691 2061 745 tunc
2092 702 2173 746 ne

91 770 302 831 ultimo
328 768 562 848 quidem
585 786 786 830 rerum
812 766 1150 831 discrimine
1177 769 1495 833 excitatum
1523 789 1661 833 esse
1686 767 2069 844 mirabantur,
2109 780 2171 832 et

92 873 222 916 non
269 873 478 916 somno
516 853 852 934 quiescere,
901 853 1008 915 sed
1043 872 1267 934 pavore
1301 859 1569 920 marcere
1605 855 1946 921 credebant.
2034 855 2169 920 Non
2194 855 2276 916 19

92 949 297 1003 tamen
335 940 637 1020 quisquam
675 959 748 1002 ex
793 939 1136 1003 custodibus
1169 943 1438 1022 corporis
1472 943 1693 1006 intrare
1718 943 2171 1006 tabernaculum

91 1026 377 1104 audebat;
425 1039 484 1088 et
516 1027 632 1088 iam
669 1035 906 1108 tempus
942 1025 1220 1110 instabat,
1274 1048 1387 1092 nec
1410 1030 1579 1094 miles
1604 1030 1839 1092 iniussu
1869 1028 2041 1091 ducis
2068 1035 2169 1088 aut

88 1129 252 1174 arma
275 1131 484 1192 capere
505 1121 736 1193 poterat
758 1123 859 1175 aut
877 1113 942 1174 in
963 1112 1202 1174 ordines
1221 1113 1327 1176 ire.
1371 1115 1483 1178 Diu
1506 1117 1820 1178 Parmenio
1843 1121 2173 1186 cunct-atne,
2192 1111 2285 1174 28

88 1199 288 1260 cibum
313 1207 380 1261 ut
405 1208 702 1278 caperent,
727 1199 858 1278 ipse
879 1198 1256 1278 pronunciat.
1298 1199 1540 1280 Iamque
1564 1201 1723 1262 exire
1746 1217 1996 1260 necesse
2020 1207 2173 1259 erat:

84 1292 236 1348 tunc
265 1285 508 1346 demum
542 1283 723 1346 intrat
763 1284 1217 1345 tabernaculum
1256 1286 1611 1365 saepiusque
1645 1285 1891 1346 nomine
1917 1283 2181 1363 compel-

79 1379 298 1443 latum,
329 1387 512 1448 quum
532 1387 678 1429 voce
705 1386 826 1428 non
853 1375 1076 1446 posset,
1101 1375 1264 1430 tactu
1290 1371 1575 1432 excitavit.
1621 1370 1803 1430 Multa
1828 1370 1945 1443 lux,
1970 1369 2177 1448 inquit,
2197 1367 2279 1428 21

81 1463 206 1528 est,
255 1454 602 1516 instructam
628 1454 812 1514 aciem
835 1451 1025 1514 hostis
1047 1453 1327 1528 admovit,
1370 1463 1509 1516 tuus
1532 1453 1698 1517 miles
1722 1455 1917 1516 adh-uc
1936 1455 2185 1516 inermis

79 1548 402 1621 exspectat
413 1538 749 1620 imperium.
791 1537 906 1602 Ubi
929 1546 1020 1600 est
1037 1539 1210 1618 vigor
1226 1540 1324 1602 ille
1343 1541 1523 1602 animi
1542 1541 1626 1605 tui
1638 1537 1672 1601 ⁴?
1692 1558 1909 1620 nempe
1932 1539 2183 1602 excitare

73 1627 304 1708 vigiles
333 1626 510 1688 soles.
555 1626 648 1688 Ad
673 1626 822 1687 haec
845 1623 1214 1688 Alexander:
1252 1627 1555 1703 Credisne,
1592 1647 1688 1689 me
1710 1627 1877 1707 prius
1904 1645 2183 1688 somnum
2202 1625 2285 1687 22

78 1731 322 1794 capere
343 1712 626 1794 potuisse,
671 1730 845 1792 quam
873 1729 1257 1778 exonerarem
1284 1714 1543 1777 animum
1568 1713 1983 1794 sollicitudine,
2024 1732 2177 1795 quae

77 1799 362 1882 quietem
405 1795 790 1864 morabatur?
841 1797 1190 1879 signumque
1238 1820 1475 1882 pugnae
1522 1802 1663 1864 tuba
1702 1801 1829 1863 dari
1861 1800 2053 1864 iussit.
2106 1801 2180 1863 Et
2200 1797 2288 1859 23

81 1905 284 1967 quum
325 1886 390 1951 in
439 1886 649 1951 eadem
703 1885 1092 1951 admiratione
1137 1885 1451 1951 Parmenio
1511 1896 1951 1970 perseveraret,
2020 1888 2181 1968 quod

79 1975 356 2037 solutum
379 1992 446 2035 se
473 1973 632 2035 curis
656 1990 932 2035 somnum
969 1974 1245 2053 cepisset,
1281 1975 1540 2050 Minime,
1574 1976 1781 2055 inquit,
1822 1974 2041 2037 mirum
2068 1982 2184 2035 est:

81 2078 208 2139 ego
237 2060 419 2135 enim,
465 2078 649 2140 quum
674 2059 898 2121 Dareus
935 2066 1124 2123 terras
1158 2070 1377 2134 ureret,
1424 2062 1592 2123 vicos
1634 2060 2025 2132 exscinderet,
2078 2058 2185 2119 ali-

80 2154 296 2209 menta
346 2152 786 2224 corrumperet,
833 2151 1050 2223 potens
1094 2145 1215 2208 mei
1250 2164 1375 2207 non
1412 2164 1601 2207 eram:
1666 2164 1829 2205 nunc
1860 2162 2003 2205 vero
2045 2143 2187 2219 quid
2205 2140 2303 2203 24-

78 2240 378 2305 metuam,
401 2248 589 2309 quum
615 2230 740 2291 acie
764 2229 1084 2291 decernere
1105 2227 1323 2308 paret?
1348 2230 1603 2291 Hercule
1624 2238 1824 2291 votum
1850 2245 2050 2289 meum
2072 2226 2187 2286 im-

79 2318 302 2397 plevit.
367 2315 502 2387 Sed,
530 2314 710 2380 huius
745 2311 972 2375 consilii
1008 2321 1219 2393 postea
1256 2332 1493 2395 quoque
1526 2314 1675 2375 ratio
1719 2314 2035 2378 reddetur:
2082 2330 2191 2373 vos

75 2404 174 2467 ite
203 2403 291 2465 ad
309 2402 535 2482 copias,
583 2398 794 2479 quibus
821 2398 1068 2478 quisque
1091 2408 1351 2478 praeest.
1416 2400 1541 2481 Ego
1566 2400 1683 2461 iam
1708 2400 1889 2461 adero
1918 2410 1995 2473 et,
2047 2398 2187 2479 quid
2298 2396 2305 2404 ’

79 2490 236 2553 fieri
262 2490 456 2562 velim,
485 2503 800 2566 exponam.
872 2484 1030 2547 Raro
1056 2486 1397 2561 admodum,
1426 2488 1728 2549 admonitu
1754 2485 1941 2565 magis
1968 2485 2189 2548 amico-
2208 2484 2292 2547 25

75 2595 246 2640 rum
269 2593 448 2655 quam
465 2581 632 2635 metu
658 2569 1014 2634 discriminis
1041 2572 1317 2647 adeundi,
1363 2574 1605 2635 thorace
1628 2574 1715 2637 uti
1740 2574 1999 2636 solebat:
2048 2582 2191 2635 tunc

78 2680 350 2743 quoque
370 2660 736 2725 munimento
760 2657 1028 2737 corporis
1056 2666 1295 2739 sumpto
1318 2660 1612 2740 processit
1638 2663 1711 2723 ad
1736 2660 1973 2722 milites.
2018 2659 2190 2723 Haud

81 2749 264 2812 alias
300 2754 421 2809 tam
449 2747 703 2807 alacrem
735 2744 1004 2807 viderant
1035 2762 1261 2823 regem,
1310 2756 1368 2809 et
1391 2748 1553 2830 vultu
1588 2747 1715 2809 eius
1750 2746 2019 2811 interrito
2056 2764 2187 2809 cer-
2238 2820 2260 2828 ᾗ

79 2845 240 2899 tam
267 2851 439 2912 spem
464 2830 740 2895 victoriae
766 2830 1231 2910 augurabantur.
2302 2825 2311 2866 ‘-

245 2919 436 2999 Atque
461 2918 558 2981 ille
580 2926 826 2997 proruto
852 2918 1002 2981 vallo
1033 2910 1193 2981 ex‘ire
1220 2916 1421 2996 copias
1446 2914 1617 2980 iubet
1648 2918 1955 2999 aciemque
1981 2917 2189 2999 dispo·
2208 2912 2295 2973 26

75 3007 216 3071 nit.
263 3005 338 3067 In
363 3005 569 3065 dextro
595 3022 785 3068 cornu
809 3003 985 3067 locati
1010 3002 1428 3084 suavequiteS,
1470 3020 1621 3082 quos
1644 3024 1849 3085 agema
1873 3006 2193 3086 appellant.

73 3096 400 3157 Praeerat
421 3090 514 3153 his
537 3089 734 3165 Clitus,
774 3090 866 3153 cui
893 3090 1084 3156 iunxit
1105 3091 1373 3154 Philotae
1396 3099 1621 3153 turmas
1643 3102 1993 3171 ceterosque
2014 3107 2191 3171 prae-

73 3184 308 3245 rectos
337 3176 600 3257 equitum
622 3176 788 3241 lateri
817 3178 944 3239 eius
971 3178 1270 3259 applicuit.
1327 3177 1542 3240 Ultima
1566 3178 1840 3257 Meleagri
1866 3178 1955 3237 ala
1982 3174 2191 3241 stabat,
2212 3168 2296 3231 27

77 3284 298 3348 quam
322 3264 581 3343 phalanx
601 3263 977 3343 sequebatur.
1023 3266 1166 3327 Post
1188 3265 1541 3345 phalangem
1564 3263 1973 3343 argyraspides
1992 3265 2191 3319 erant:
2333 3298 2341 3309 .

75 3355 198 3419 his
241 3350 524 3425 Nicanor,
572 3349 980 3413 Parmenionis
1028 3350 1214 3425 filius;
1256 3360 1545 3431 praeerat.
1631 3351 1698 3411 In
1733 3344 2015 3411 subsidiis
2060 3358 2192 3401 cum
2214 3336 2299 3399 28

75 3456 306 3504 manu
339 3455 448 3500 sua
473 3437 726 3510 Coenos,
772 3444 911 3516 post
948 3453 1082 3497 eum
1107 3438 1355 3500 Orestae
1380 3436 1819 3515 Lyncestaeque
1852 3438 2009 3501 sunt,
2058 3437 2199 3505 post

71 3528 252 3595 illos
281 3523 672 3605 Polypercon,
708 3523 823 3587 dux
847 3522 1146 3605 peregrini
1167 3522 1389 3585 militis.
1430 3522 1617 3583 Huius
1643 3516 1891 3597 agminis
1916 3512 2199 3593 princeps
