2417 3900
207 106 295 168 98
644 104 745 169 DE
791 102 1053 165 GESTIS
1095 104 1533 167 ALEXANDRI
1574 88 1819 165 MAGNI

209 227 359 289 tium
383 223 638 285 Ziobetis
663 224 852 285 amnis
880 222 1214 297 effunditur,
1250 224 1347 303 qui
1372 222 1482 285 tria
1512 224 1635 284 fere
1666 222 1854 285 stadia
1880 220 1942 281 in
1968 219 2302 299 longitudi-

210 332 367 382 nem
377 310 688 373 universus
715 310 858 385 fluit,
889 310 1102 373 deinde
1128 325 1291 383 saxo,
1317 312 1477 391 quod
1506 310 1793 371 alveolum
1814 306 2175 405 interpellat,
2202 327 2303 370 re-

151 410 192 469 5
211 416 532 480 percussus
564 398 682 457 duo
719 397 929 459 itinera
957 398 1116 457 velut
1147 396 1505 475 dispensatis
1533 395 1699 475 aquis
1734 392 1939 474 aperit.
1994 394 2148 455 Inde
2174 403 2303 456 tor-

208 504 370 559 renS,
393 492 452 544 et
477 491 770 557 saxorum,
796 502 904 563 per
923 500 1074 562 quae
1099 481 1362 555 incurrit,
1389 482 1704 563 asperitate
1721 471 2051 553 violentior,
2076 488 2303 543 terram

210 588 498 651 praeceps
523 566 701 631 subit.
747 570 862 630 Ροι·
891 588 990 629 000
1013 568 1202 629 stadia
1226 569 1497 630 conditus
1522 568 1757 641 labitur,
1780 578 2113 645 rursusque
2145 568 2303 629 velut

210 676 284 717 ex
305 657 422 717 alio
447 659 610 717 fonte
635 665 959 735 conceptus
988 655 1180 715 editui
1205 663 1267 715 et
1292 672 1511 717 novum
1534 655 1762 715 alveum
1798 647 2070 725 intendit,
2098 654 2304 733 priore

149 748 192 808 6
209 742 302 803 sui
324 752 492 821 parte
525 742 862 821 spatiosior.
917 740 1188 820 Quippe
1172 760 1235 801 1n
1262 741 1626 802 latitudinem
1656 741 1861 801 decem
1889 745 1947 798 et
1972 738 2150 799 trium
2180 750 2305 801 sta-

212 828 444 896 diorum
471 828 836 901 diffunditur,
868 846 1195 906 rursusque
1224 828 1664 907 angustioribus
1692 824 1983 888 coercitus
2012 824 2163 903 ripis
2190 826 2305 887 iter

213 913 396 991 cogit3
427 913 664 973 tandem
695 914 756 973 in
793 914 1040 973 alterum
1072 930 1309 975 amnem
1348 914 1521 975 cadit.
1583 912 1895 991 Rhidagno
1932 928 2150 971 nomen
2189 920 2303 975 est.

146 1001 188 1063 7
213 999 448 1064 Incolae
487 999 878 1072 affirmabant,
914 1016 1303 1079 quaecunque
1335 1000 1591 1061 >demissa
1630 1006 1837 1059 essent
1871 996 1933 1056 in
1964 1008 2297 1071 cavernam,

215 1103 366 1165 quae
395 1084 645 1163 propior
671 1094 762 1145 est
789 1086 956 1158 fonti,
983 1104 1211 1158 rursuS,
1251 1085 1351 1145 ubi
1374 1086 1531 1148 aliud
1564 1104 1632 1145 os
1665 1081 1854 1145 amnis
1882 1081 2151 1162 aperitur,
2182 1100 2297 1143 ex-

211 1171 446 1236 sistere.
491 1170 694 1249 ltaque
713 1170 1046 1232 Alexander
1065 1172 1215 1232 duos
1238 1170 1503 1249 [tauros]‚
1538 1190 1649 1251 qua
1676 1172 1935 1232 subeunt
1960 1186 2142 1249 aquae
2168 1176 2297 1229 ter-

141 1280 149 1286 ·
211 1275 362 1328 ram,
399 1256 771 1336 praecipitari
806 1256 988 1331 iubet,
1027 1269 1280 1336 quorum
1322 1274 1589 1337 corpora,
1632 1256 1735 1318 ubi
1773 1274 1981 1319 rursus
2022 1254 2301 1335 erumpit,

216 1343 464 1423 expulsa
493 1342 709 1417 videre,
736 1343 836 1423 qui
862 1343 1036 1405 missi
1061 1350 1247 1416 erant,
1276 1352 1343 1404 ut
1368 1344 1726 1423 exciperent.

154 1438 198 1499 8
347 1430 639 1507 Quartum
660 1430 777 1491 iam
797 1428 954 1491 diem
975 1430 1185 1491 eodem
1209 1431 1341 1492 loco
1364 1430 1617 1509 quietem
1644 1428 1808 1490 militi
1832 1426 2099 1501 dederat,
2122 1444 2305 1507 quum

213 1514 418 1577 literas
440 1516 822 1589 Nabarzanis,
853 1517 952 1595 qui
987 1516 1240 1579 Dareum
1273 1534 1403 1577 cum
1429 1518 1611 1577 Besso
1632 1516 2042 1593 interceperat,
2076 1512 2306 1593 accipit,

215 1618 466 1680 quarum
485 1602 774 1663 sententia
794 1602 944 1663 haec
962 1612 1118 1663 erat:
1141 1621 1205 1661 se
1225 1601 1414 1663 Dareo
1435 1621 1557 1664 non
1576 1602 1760 1664 fuisse
1779 1598 2103 1673 inimicum,
2126 1599 2307 1660 immo

215 1686 410 1760 etiam,
435 1704 586 1765 quae
615 1687 965 1748 credidisset
987 1688 1148 1749 utilia
1182 1706 1335 1761 esse,
1372 1689 1652 1763 suasisse,
1692 1696 1753 1749 et
1783 1685 1917 1764 quia
1950 1686 2131 1746 fidele
2164 1704 2309 1747 con-

71 1788 84 1797 ‘
157 1771 416 1838 esitium
451 1773 578 1849 regi
606 1772 894 1845 dedisset,
930 1792 1120 1853 prope
1158 1773 1417 1835 occisum
1458 1776 1531 1835 ab
1572 1794 1663 1837 eo.
1716 1772 1991 1851 Agitasse
2029 1770 2307 1846 Dareum,

220 1855 552 1917 custodiam
587 1858 858 1937 corporis
899 1860 991 1919 sui
1023 1866 1227 1919 contra
1263 1859 1355 1920 ius
1386 1855 1602 1939 sasque
1632 1857 1947 1940 peregrino
1984 1856 2157 1919 militi
2186 1866 2310 1918 tra-

222 1942 386 2016 dere,
425 1942 698 2004 damnata
734 1943 1110 2024 popularium
1137 1945 1275 2020 fide,
1306 1964 1484 2024 quam
1520 1965 1652 2026 per
1644 1946 1944 2008 ducentos
1978 1953 2038 2006 et
2068 1940 2309 2042 triginta
2391 1967 2393 1971 ·

121 2037 204 2106 1‘0
221 2047 413 2090 annos
434 2028 770 2092 inviolatam
800 2030 1040 2108 regibus
1071 2030 1194 2092 suis
1219 2032 1673 2111 praestitissent.
1720 2032 1839 2092 Se
1824 2051 1885 2092 ιιι
1912 2029 2227 2111 praecipiti
2253 2037 2312 2091 et

219 2115 446 2176 lubrico
467 2123 718 2177 stantem
739 2117 1050 2179 consilium
1075 2136 1106 2178 a
1130 2119 1431 2196 praesenti
1457 2107 1809 2182 necessitate
1832 2115 2148 2197 repetisse.
2196 2115 2313 2178 Da-

219 2219 390 2264 reum
417 2220 670 2282 quoque,
710 2221 890 2283 quum
927 2203 1244 2266 occidisset
1278 2204 1537 2284 Bagoam
1571 2205 1684 2266 hac
1716 2203 2094 2265 excusatione
2139 2201 2315 2265 satis-

121 2299 200 2362 Π
221 2289 436 2350 fecisse
453 2289 876 2388 popularibuS,
923 2290 1085 2369 quod
1117 2289 1494 2352 insidiantem
1526 2290 1639 2352 sibi
1672 2289 2091 2351 interemisset.
2159 2287 2320 2350 Nihil

224 2393 358 2436 esse
389 2374 622 2436 miseris
660 2377 1005 2438 mortalibus
1041 2375 1253 2456 spiritu
1298 2377 1510 2438 carius.
1574 2381 1791 2438 Amore
1822 2375 1947 2437 eius
1992 2373 2069 2436 ad
2107 2374 2319 2436 ultima

223 2477 359 2520 esse
384 2461 784 2541 propulsum.
775 2462 936 2522 Sed
975 2479 1042 2522 ea
1068 2463 1255 2540 magis
1282 2481 1416 2524 esse
1454 2473 1787 2542 sequutum,
1826 2479 1975 2542 quae
2017 2461 2323 2542 coegisset

224 2545 572 2619 necessitas,
611 2564 789 2625 quam
823 2565 972 2626 quae
1011 2556 1296 2626 optasset.
1351 2549 1419 2610 Ιιι
1458 2548 1755 2610 communi
1780 2547 2316 2622 calamitatesuam

125 2637 207 2698 12
227 2647 521 2710 quemque
545 2633 766 2693 habere
792 2634 1110 2695 fortunam.
1157 2634 1221 2695 Si
1246 2633 1445 2695 venire
1474 2653 1540 2696 se
1558 2633 1807 2709 iuberet,
1836 2633 1965 2716 sine
1983 2641 2151 2696 metu
2180 2649 2316 2694 esse

223 2724 560 2778 venturum.
601 2718 734 2780 Non
753 2719 980 2795 timere,
1011 2738 1088 2781 ne
1105 2720 1283 2781 fidem
1312 2721 1506 2781 datam
1524 2727 1721 2784 tantus
1740 2740 1844 2782 rex
1868 2719 2143 2783 violaret:
2169 2719 2319 2783 deos

125 2807 262 2868 13a
297 2803 412 2863 deo
450 2803 568 2865 falli
605 2823 723 2866 non
763 2807 974 2868 solere.
1041 2807 1315 2868 Ceterum
1348 2807 1419 2881 si,
1458 2807 1551 2870 cui
1576 2807 1755 2869 fidem
1789 2807 1976 2882 daret,
2013 2803 2319 2869 videretur

225 2888 526 2966 indignuS,
553 2891 734 2952 multa
764 2891 930 2955 exilia
963 2900 1169 2972 patere
1195 2893 1471 2972 fugienti:
1504 2893 1751 2974 patriam
1780 2911 1933 2970 esse,
1970 2891 2316 2972 ubicunque

126 2979 210 3042 14
225 2974 316 3054 vir
343 2975 516 3039 fortis
553 2976 755 3038 sedem
785 2974 902 3038 'sibi
939 2979 1196 3058 elegerit.
1254 2979 1379 3041 Nec
1416 2979 1698 3042 dubitavit
1726 2980 2079 3052 Alexander,
2112 2979 2315 3052 fidem,

228 3080 348 3143 quo
366 3061 586 3124 Persae
611 3064 791 3125 modo
816 3062 1199 3142 accipiebant,
1222 3064 1381 3141 dare,
1405 3065 1766 3139 inviolatum,
1793 3065 1844 3128 si
1862 3063 2145 3139 venisset,
2167 3065 2314 3128 fore.

233 3148 242 3156 ⁷
355 3151 655 3223 Quadrato
675 3159 872 3212 tamen
891 3149 1125 3228 agmine
1147 3159 1204 3211 et
1224 3151 1553 3232 composito
1574 3147 1715 3224 ibat,
1742 3152 2150 3233 speculatores
2171 3149 2314 3213 sub-

11 3321 16 3332 ,
131 3234 369 3296 15inde
399 3237 798 3315 praemittens,
837 3235 936 3314 qui
961 3237 1339 3314 explorarent
1363 3239 1511 3300 loca.
1540 3239 1708 3300 Levis
1732 3246 2027 3300 armatura
2059 3235 2317 3299 ducebat

230 3339 463 3400 agmen,
503 3323 759 3400 phalanx
801 3339 929 3381 eam
975 3323 1349 3402 sequebatur,
1391 3332 1528 3425 post
1566 3325 1799 3406 pedites
1850 3332 2018 3386 erant
2057 3320 2315 3404 impedi-

232 3415 449 3468 menta.
504 3409 576 3468 Et
601 3427 746 3486 gens
782 3407 1060 3470 bellicosa
1095 3417 1154 3471 et
1184 3415 1391 3471 natura
1430 3412 1578 3473 situs
1614 3412 1867 3474 difficilis
1907 3411 2069 3472 aditu
2112 3426 2317 3472 curam

11 3511 17 3530 ι
133 3489 215 3550 16
233 3491 390 3568 regis
411 3493 763 3556 intenderat.
817 3475 1081 3573 Namque
1111 3505 1399 3595 perpetua
1430 3498 1605 3560 valles
1641 3497 1792 3561 iacet
1827 3515 2019 3577 usque
2048 3495 2125 3558 ad
2149 3511 2315 3558 mare

251 3577 530 3656 «epium
539 3590 768 3658 patens.
813 3580 942 3643 Duo
967 3589 1156 3645 terrae
1189 3580 1329 3644 eius
1330 3583 1502 3646 velut
1524 3583 1765 3684 brachia
1791 3593 2143 3680 excuriunt:
2182 3599 2317 3646 me·
