2417 3900
251 118 344 180 36
693 117 800 179 m:
842 112 1118 180 GEs'ns
1153 115 1587 180 ALEXANDRI
1628 113 1871 177 MAGNI

255 254 401 318 que:
448 236 598 296 adeo
623 235 900 298 victoriae
921 255 1044 298 non
1073 242 1251 298 omen
1276 236 1458 298 mo'do
1474 253 1505 310 ,·
1540 230 1649 297 sed
1674 235 1845 296 etiam
1874 232 2341 312 gratulationem

254 329 695 405 praeceperant.
2158 398 2161 400 v

195 423 235 483 6
382 407 558 468 Forte
595 425 698 468 rex
729 407 978 468 classem
997 407 1061 468 in
1097 405 1389 468 diversam
1426 413 1654 485 partem
1681 404 1777 482 agi
1799 404 2061 465 iusserat
2089 401 2343 482 trigInta

255 493 582 556 minoribus
613 493 858 571 navigiis
885 493 1101 555 relictis
1131 493 1195 554 in
1216 492 1424 566 litore,
1473 511 1507 552 e
1544 491 1753 570 quibus
1782 489 1939 576 Tyrii
1966 488 2212 549 duobus
2242 509 2343 550 ca-

253 580 374 660 ptis
399 589 591 641 cetera
613 579 832 659 ingenti
860 586 1202 641 terruerunt
1227 584 1405 649 metu,
1452 577 1644 639 donec
1668 594 1909 637 suorum
1937 575 2206 635 clamore
2231 593 2343 636 au-

253 665 380 727 dito
397 665 726 754 Alexander
746 665 995 726 classem
1019 664 1196 737 litori,
1221 680 1256 725 a
1279 682 1397 743 quo
1422 663 1689 724 fremitus
1710 661 2022 734 acciderat,
2049 661 2343 724 admovit.

197 762 238 822 7
254 751 450 814 Prima
485 767 522 810 a
543 750 934 812 Macedonum
967 750 1218 812 navibus
1252 749 1695 828 quinqueremis
1722 747 2023 808 velocitate
2048 746 2214 806 inter
2242 765 2346 808 ce-

255 844 414 898 teras
459 837 728 898 eminens
775 836 1062 909 occurrit,
1111 851 1289 914 quam
1331 842 1397 895 ut
1433 850 1796 913 conspexere
1830 833 2013 912 Tyrii,
2061 831 2222 893 duae
2272 851 2346 894 ex

257 921 490 982 diverso
527 921 589 982 in
632 922 814 981 latera
849 920 1275 982 eius-invectae
1310 927 1473 993 sunt,
1518 919 1581 981 in
1613 937 1861 999 quarum
1890 920 2128 1000 alteram
2162 917 2347 996 quin-

257 1005 554 1086 queremis
575 1005 782 1067 eadem
801 1006 1087 1066 concitata
1104 1014 1164 1067 et
1186 1005 1319 1086 ipsa
1342 1005 1671 1067 rostroicta
1702 1014 1791 1069 est
1818 1013 1878 1067 et
1900 1002 2056 1066 illam
2080 1003 2341 1064 invicem

199 1099 240 1159 8
257 1091 466 1154 tenuit.
542 1090 784 1171 Iamque
811 1107 899 1166 ea,
926 1109 1078 1170 quae
1099 1109 1222 1152 non
1247 1091 1627 1164 cohaerebat,
1670 1089 1856 1180 libero
1882 1089 2107 1170 impetu
2134 1097 2351 1150 evecta

255 1178 318 1239 in
343 1177 501 1240 aliud
539 1175 979 1255 quinqueremis
1017 1178 1169 1240 latus
1206 1176 1624 1250 invehebatur,
1669 1185 1852 1255 quu‘m
1890 1174 2349 1255 opportunitate

157 1309 165 1319 .
255 1262 408 1324 mira
441 1262 698 1324 triremis
731 1279 766 1322 e
791 1264 980 1325 classe
1005 1262 1321 1324 Alexandri
1343 1262 1406 1324 in
1442 1277 1573 1323 eam
1596 1262 1806 1342 ipsam,
1852 1279 2001 1340 quae
2038 1261 2350 1340 quinque-

256 1348 408 1410 remi
430 1347 798 1422 imminebat,
847 1358 1008 1410 tanta
1031 1348 1086 1408 vi
1110 1347 1367 1427 impulsa
1390 1355 1508 1421 est,
1553 1357 1617 1408 ut
1640 1347 1850 1428 Tyrius
1877 1347 2251 1425 gubernator
2281 1347 2347 1408 in

201 1449 422 1509 ornare
457 1442 832 1495 excuteretur
867 1452 900 1494 e
931 1433 1139 1514 puppi.
1226 1434 1433 1496 Plures
1472 1433 1689 1494 deinde
1724 1433 2117 1497 Macedonum
2156 1449 2349 1494 naves

161 1567 168 1574 .
261 1519 713 1600 superveniunt,
762 1529 822 1580 et
861 1537 966 1580 rex
1009 1538 1247 1599 quoque
1289 1520 1515 1581 aderat:
1572 1537 1754 1598 quum
1793 1518 1952 1598 Tyrii
2001 1517 2351 1579 inhibentes
2412 1562 2414 1575 .

257 1605 442 1668 remis
465 1622 644 1682 aegre
669 1605 919 1666 evellere
943 1623 1180 1677 navem,
1229 1621 1379 1684 quae
1403 1606 1710 1678 haerebat,
1757 1612 2116 1682 portumque
2143 1603 2353 1664 omnia
2412 1619 2414 1648 ³

257 1689 438 1752 simul
461 1687 694 1766 navigia
716 1697 1010 1769 repetunt.
1092 1690 1415 1751 Confestim
1438 1707 1545 1751 rex
1568 1690 1916 1769 insequutus
1940 1696 2185 1770 portum
2212 1691 2353 1769 qui·-

259 1774 399 1836 dem
422 1773 644 1834 intrare
667 1791 790 1834 non
825 1774 1046 1853 potuit,
1091 1791 1275 1852 quum
1311 1776 1520 1854 procul
1546 1793 1581 1836 e
1605 1776 1791 1838 muris
1819 1775 2144 1837 missilibus
2176 1793 2353 1838 sum-

255 1865 617 1932 moveretur,
639 1875 822 1920 naves
841 1868 1039 1922 autem
1061 1876 1271 1920 omnes
1295 1861 1419 1921 fere
1437 1869 1541 1923 aut
1564 1862 1846 1923 demersit
1868 1867 1967 1923 aut
1994 1860 2171 1940 cepit.

159 1954 241 2020 10
387 1942 579 2007 Bid’uo
609 1941 824 2006 deinde
855 1945 932 2007 ad
962 1943 1221 2025 quietem
1244 1945 1382 2009 dato
1412 1946 1695 2009 militibus
1716 1997 1731 2021 ,
1776 1947 2075 2029 iussisque
2100 1956 2162 2009 et
2186 1950 2351 2010 clas·

259 2046 388 2093 sem
413 2038 472 2091 et
497 2030 800 2091 machinas
827 2031 1050 2111 pariter
1074 2028 1409 2105 admovere,
1436 2042 1502 2095 ut
1528 2034 1791 2114 undique
1817 2033 2041 2097 territis
2065 2033 2350 2111 instaret,

259 2114 392 2195 ipse
429 2116 492 2177 in
525 2115 866 2178 altissimam
913 2124 1137 2179 turrem
1173 2116 1467 2192 ascendit,
1517 2118 1746 2197 ingenti
1790 2120 2019 2194 animo,
2066 2120 2350 2199 periculo

161 2208 242 2273 11
259 2199 506 2264 maiore.
593 2201 828 2281 Quippe
865 2202 1027 2281 regio
1050 2202 1279 2283 ⁸insigni
1304 2212 1363 2265 et
1388 2203 1567 2266 armis
1591 2206 1947 2284 fulgentibus
1976 2205 2353 2285 conspicuus

259 2299 418 2363 uuus
455 2286 772 2369 praecipue
812 2288 942 2351 telis
986 2289 1315 2369 petebatur.
1402 2288 1475 2351 Et
1510 2290 1689 2369 digna
1720 2307 1973 2371 prorsus
2006 2288 2355 2371 spectaculo

262 2373 476 2435 edidit:
516 2374 736 2435 multos
763 2392 796 2433 e
818 2374 1004 2437 muris
1026 2383 1475 2457 propugnantes
1499 2376 1670 2437 hasta
1694 2377 2002 2450 transfixit,
2050 2378 2357 2455 quosdam

267 2458 446 2517 etiam
469 2460 736 2521 cominus
771 2460 964 2537 gladio
993 2461 1301 2541 clipeoque
1332 2461 1623 2541 impulsos
1644 2462 2077 2543 praecipitavit3
2122 2462 2361 2542 quippe

264 2544 466 2616 turris,
492 2560 564 2602 ex
587 2561 702 2622 qua
730 2544 1059 2619 dimicabat,
1088 2549 1276 2608 muris
1303 2547 1565 2608 hostium
1590 2550 2026 2629 propemodum
2054 2549 2360 2609 cohaere-

167 2631 248 2693 12
267 2626 383 2687 bat.
469 2626 710 2706 Iamque
738 2629 960 2691 crebris
987 2630 1267 2693 arietibus
1306 2650 1583 2696 saxorum
1618 2652 1905 2714 compage
1924 2635 2121 2696 laxata
2146 2634 2361 2696 muni-

265 2718 468 2773 menta
495 2712 832 2775 defecerant
852 2722 912 2775 et
933 2715 1134 2777 classis
1159 2718 1479 2782 intraverat
1502 2727 1757 2799 portum,
1801 2730 1860 2781 et
1886 2720 2125 2799 quidam
2149 2719 2363 2782 Mace-

269 2796 492 2861 donum
521 2797 584 2857 in
618 2806 810 2861 turres
829 2799 1094 2863 hostium
1131 2803 1397 2865 desertas
1432 2815 1766 2867 evaserant:
1814 2824 1995 2885 quum
2022 2804 2211 2886 Tyrii,
2262 2814 2363 2870 tot

269 2881 448 2943 simul
473 2882 640 2945 malis
667 2884 832 2958 victi,
875 2886 972 2947 alii
999 2888 1299 2967 supplices
1324 2890 1389 2951 in
1412 2892 1631 2971 templa
1654 2892 2032 2970 confugiunt,
2078 2890 2178 2952 alii
2202 2892 2360 2954 fori-

269 2966 384 3030 bus
405 2970 640 3031 aedium
659 2970 950 3035 obseratis
977 2983 1272 3054 occupant
1303 2975 1554 3039 liberum
1574 2978 1786 3040 mortis
1810 2977 2120 3039 arbitrium
2136 3025 2151 3051 ‚
2192 2996 2360 3041 non-

169 3052 252 3117 13
269 3052 416 3115 nulli
438 3064 620 3117 ruunt
639 3054 703 3117 in
727 3056 980 3132 hostem,
1027 3059 1187 3121 haud
1218 3059 1391 3123 inulti
1414 3070 1612 3125 tamen
1638 3064 1916 3143 perituri3
1964 3082 2185 3142 magna
2211 3082 2359 3144 pars

269 3156 501 3201 summa
545 3148 836 3204 tectorum
886 3144 1215 3220 obtinebat,
1264 3164 1405 3209 saxa
1453 3156 1515 3209 et
1560 3148 1844 3229 quidquid
1890 3150 2171 3212 manibus
2228 3153 2360 3213 fors

267 3225 516 3289 dederat
551 3226 890 3305 ingerentes
931 3231 1343 3295 subeuntibus.
1428 3232 1759 3297 Alexander
1800 3236 2095 3315 exceptis,
2150 3237 2259 3315 qui
2296 3238 2363 3298 in

272 3314 492 3393 templa
521 3315 924 3393 confugerant,
953 3336 1162 3380 omnes
1179 3318 1431 3380 interfici
1451 3319 1767 3402 ignemque
1784 3322 1955 3383 tectis
1972 3318 2137 3383 iniici
2164 3322 2363 3387 iubet.

176 3392 380 3459 ullis
402 3418 514 3479 per
544 3418 870 3481 praecones
905 3404 1309 3483 pronunciatis
1348 3422 1523 3469 nemo
1560 3417 1755 3469 tamen
1792 3416 2055 3469 armatus
2090 3426 2282 3489 opem
2326 3428 2363 3472 a

237 3552 246 3564 Ι
278 3482 390 3579 diis
423 3494 626 3565 petere
663 3488 964 3552 sustinuit:
1015 3492 1186 3570 pueri
1222 3491 1594 3573 virginesque
1630 3495 1851 3573 templa
1882 3493 2361 3573 compleverant,

275 3570 468 3635 vmin
483 3574 768 3639 vestibulo
787 3580 1030 3639 suarum
1053 3578 1301 3659 quisque
1318 3579 1551 3643 aedium
1576 3581 1827 3657 stabant,
1852 3589 2055 3661 parata
2074 3584 2365 3647 saevien-
