2417 3900
541 143 685 205 ms.
722 143 800 203 x.
846 140 1055 220 (vm.)
1100 141 1260 203 cir.
1304 140 1403 202 ix.
1451 87 1694 201 i-is,
2039 140 2168 204 221

101 270 221 324 tum
239 261 511 323 exstinxit
531 260 716 322 faces!
744 266 889 339 quot
906 258 1167 325 condidit
1184 257 1438 337 gladios!
1463 266 1740 338 quantam
1761 265 2170 339 tempestatem
2193 323 2200 331 ,

100 346 293 409 subita
308 347 623 408 serenitate
648 343 949 407 discussit!
996 345 1129 405 Non
1146 362 1289 423 ergo
1315 344 1616 406 revirescit
1637 345 1844 419 solum,
1869 345 1978 406 sed
1997 347 2170 407 etiam

98 434 269 495 floret
294 432 627 512 imperium.
678 431 845 493 Absit
866 430 1047 491 modo
1069 430 1304 503 invidia,
1343 430 1592 509 excipiet
1609 429 1786 493 huius
1816 430 1996 491 seculi
2017 440 2169 493 tem-
2187 434 2229 495 6

95 536 242 599 pora
266 518 529 580 eiusdem
554 518 767 580 domus
793 516 1016 579 utinam
1039 524 1338 596 perpetua,
1367 524 1524 577 certe
1545 515 1824 577 diuturna:
1836 516 2170 596 posteritas.

224 603 497 665 Ceterum
538 611 602 679 ut
634 604 709 663 ad
748 601 1015 663 ordinem
1029 648 1045 675 ‚
1091 620 1125 663 a
1160 620 1279 681 quo
1311 620 1406 663 me
1450 600 1862 679 contemplatio
1901 601 2171 681 publicae
2189 602 2232 663 7

91 688 380 751 felicitatis
408 696 713 762 averterat,
750 688 1008 762 redeam,
1034 688 1314 750 Perdicca
1343 686 1572 751 unicam
1597 704 1764 767 spem
1791 687 1994 749 salutis
2027 705 2174 749 suae

88 775 149 836 in
184 774 463 853 Meleagri
490 784 677 837 morte
705 773 1065 853 deponebat:
1100 791 1314 836 vanum
1341 774 1593 835 eundem
1631 780 1692 833 et
1713 772 1976 848 infidum,
2012 774 2173 835 cele-

84 862 355 941 riterque
382 879 481 922 res
517 868 883 934 novaturum,
924 868 983 923 et
1020 859 1131 921 sibi
1164 860 1414 923 maxime
1447 859 1728 921 infestum
1761 859 2169 940 occupandum

84 963 249 1007 esse.
296 945 414 1007 Sed
432 948 545 1009 alta
566 946 1023 1009 dissimulatione
1050 946 1354 1009 consilium
1374 946 1701 1026 premebat,
1728 954 1792 1007 ut
1810 946 2173 1025 opprimeret
2188 940 2230 1004 8

88 1032 413 1095 incautum.
464 1032 621 1113 Ergo
651 1034 795 1095 clam
819 1033 1105 1113 quosdam
1131 1050 1205 1093 ex
1231 1031 1434 1113 copiiS,
1467 1031 1681 1111 quibus
1707 1040 1992 1111 praeerat,
2023 1030 2170 1092 sub-

91 1118 341 1191 ornavit,
368 1126 449 1191 ut,
489 1120 650 1198 quasi
675 1120 972 1197 ignoraret
992 1118 1140 1197 ipse,
1179 1127 1686 1196 conquererentur
1704 1117 1914 1193 palam,
1951 1116 2173 1177 Melea·-

84 1219 261 1282 grum
286 1212 599 1281 aequatum
620 1222 752 1263 esse
779 1201 1113 1265 Perdiccae.
1174 1203 1442 1273 Quorum
1475 1218 1750 1261 sermone
1771 1202 2060 1277 Meleager
2096 1198 2172 1261 ad
2189 1204 2228 1267 9

84 1307 157 1349 se
178 1288 383 1347 relato.
406 1289 608 1349 furens
637 1288 723 1347 ira
749 1287 1083 1359 Perdiccae,
1120 1304 1271 1365 quae
1299 1285 1703 1364 comperisset,
1742 1284 2006 1364 exponit.-
2065 1284 2173 1346 llle

80 1373 248 1433 velut
288 1389 437 1433 nova
478 1391 545 1433 re
584 1372 891 1433 exterritus
937 1371 1240 1446 admirari,
1289 1370 1456 1450 queri
1497 1370 1864 1449 dolentisque
1912 1369 2172 1449 speciem

76 1465 390 1521 ostentare
416 1457 468 1518 ei
492 1457 713 1537 coepit3
736 1456 808 1517 ad
833 1455 1096 1517 ultimum
1124 1457 1414 1529 convenit,
1439 1465 1505 1518 ut
1533 1456 2174 1535 comprehenderentur

78 1554 212 1605 tam
248 1542 567 1605 seditiosae
597 1544 753 1604 vocis
778 1549 1070 1603 auctores.
1114 1542 1250 1621 Agit
1277 1540 1568 1621 Meleager
1593 1542 1807 1619 gratias
1833 1542 2171 1621 amplexus-
2192 1543 2274 1607 10

84 1648 209 1709 que
251 1629 594 1691 Perdiccam
640 1630 816 1689 fidem
856 1628 981 1688 eius
1019 1627 1082 1688 in
1130 1646 1197 1688 se
1239 1644 1308 1689 ac
1345 1626 1812 1690 benevolentiam
1860 1626 2171 1691 collaudat.

80 1716 245 1777 Tum
292 1714 591 1775 communi
640 1713 881 1775 consilio
928 1713 1216 1775 rationem
1263 1712 1638 1793 opprimendi
1690 1712 1900 1775 noxios
1943 1712 2170 1775 ineunt.
2192 1715 2272 1777 11

72 1800 291 1863 Placet
311 1800 626 1863 exercitum
645 1800 833 1879 patrio
852 1817 1018 1861 more
1034 1798 1294 1862 lustrari.
1337 1801 1411 1861 Et
1429 1798 1752 1879 probabilis
1771 1816 1985 1861 caussa
2003 1798 2171 1863 vide-

72 1886 264 1947 batur
292 1885 600 1964 praeterita
636 1885 945 1949 discordia.
999 1884 1388 1951 Macedonum
1411 1902 1588 1965 reges
1617 1885 1700 1947 ita
1731 1886 1984 1952 lustrare
2007 1883 2169 1947 soliti
2191 1882 2272 1946 12

74 1979 260 2032 erant
278 1972 511 2047 milites,
532 1981 604 2035 ut
622 1972 905 2034 discissae
924 1972 1083 2034 canis
1103 1973 1326 2034 viscera
1345 1972 1548 2034 ultimo
1571 1972 1633 2034 in
1657 1991 1884 2052 campo,
1905 1973 1968 2034 in
1991 1990 2171 2051 quem

72 2057 479 2120 deduceretur
506 2059 815 2131 exercituS,
842 2057 915 2118 ab
944 2066 1190 2136 utraque
1215 2058 1534 2118 abiicerent
1560 2067 1742 2136 parte,
1765 2059 1918 2120 intra
1943 2058 2006 2118 id
2027 2073 2170 2136 spa-

72 2143 233 2203 tium
258 2143 463 2202 armati
487 2160 693 2202 omnes
722 2149 961 2214 starent,
989 2141 1131 2202 hinc
1154 2142 1403 2220 equites,
1426 2141 1587 2201 illinc
1605 2143 1882 2219 phalanx.

215 2225 421 2304 ltaque
442 2244 513 2286 eo
541 2226 655 2298 die,
685 2244 860 2305 quem
888 2223 1023 2286 huic
1048 2243 1218 2286 sacro
1241 2226 1690 2300 destinaverant,
1713 2245 1818 2288 rex
1841 2243 1975 2286 cum
2001 2224 2168 2302 equi·
2189 2221 2270 2285 13

72 2313 245 2374 tibus
294 2311 737 2391 elephantisque
780 2310 1117 2372 constiterat
1160 2303 1364 2372 contra
1410 2311 1663 2390 pedites,
1711 2315 1840 2390 quis
1877 2310 2170 2388 Meleager

70 2404 379 2478 praeerat.
401 2391 416 2414 ¹
442 2395 565 2458 lam
609 2404 881 2475 equestre
926 2411 1133 2474 agmen
1176 2396 1548 2470 movebatur,
1605 2405 1664 2459 et
1695 2397 1924 2475 pedites
1974 2395 2168 2456 subita
2189 2393 2273 2455 1-4

78 2483 405 2546 formidine
436 2481 511 2543 ob
542 2489 838 2542 recentem
870 2481 1242 2556 discordiam,
1272 2481 1431 2544 haud
1467 2500 1610 2544 sane
1634 2483 1824 2562 pacati
1850 2481 2168 2561 quidquam

80 2576 523 2648 exspectantes,
546 2585 866 2646 parumper
890 2566 1325 2642 addubitavere‚
1354 2586 1431 2629 an
1451 2568 1513 2630 in
1535 2569 1743 2630 urbem
1769 2567 2169 2631 subducerent

79 2655 324 2734 copias:
366 2653 585 2734 quippe
618 2672 727 2732 pro
758 2652 1051 2732 equitibus
1078 2653 1352 2733 planities
1378 2663 1519 2716 erat.
1576 2654 1845 2716 Ceterum
1869 2653 2054 2729 veriti,
2089 2672 2168 2715 ne
2187 2660 2269 2722 15

78 2750 315 2800 temere
343 2740 803 2801 commilitonum
831 2738 1007 2800 fidem
1034 2740 1400 2814 damnarent,
1433 2741 1765 2816 substitere,
1800 2740 2165 2821 praeparatis

75 2827 157 2886 ad
184 2824 577 2888 dimicandum
604 2825 833 2899 animiS,
857 2823 910 2886 si
929 2824 1058 2904 quis
1076 2825 1190 2886 vim
1211 2825 1472 2890 inferret.
1517 2827 1639 2888 lam
1658 2827 1890 2906 agmina
1909 2826 2164 2902 coibant,

70 2910 451 2990 parvumque
491 2910 858 2976 intervallum
897 2918 1039 2986 erat,
1087 2913 1246 2990 quod
1283 2913 1467 2973 aciem
1506 2921 1813 2992 utramque
1858 2914 2164 2981 divideret.
2281 2925 2288 2934 ’

70 2996 295 3076 Itaque
328 3015 432 3058 rex
471 3015 600 3058 cum
635 3017 752 3062 una
786 2999 875 3058 ala
902 2997 1242 3077 obequitare
1264 2998 1562 3076 peditibus
1591 3001 1801 3080 coepit,
1835 2998 2163 3064 discordiae
2184 2998 2265 3059 16

74 3089 379 3156 auctores,
417 3100 563 3161 qnos
595 3086 743 3144 tueri
779 3084 909 3164 ipse
937 3083 1205 3158 debebat,
1248 3083 1528 3146 instinctu
1560 3085 1872 3148 Perdiccae
1905 3086 1980 3146 ad
2017 3099 2160 3162 sup-

72 3167 263 3248 plicia
301 3168 669 3249 deposcens·‚
708 3169 1159 3250 minabaturque
1184 3189 1394 3232 omncs
1427 3182 1648 3233 turmas
1677 3192 1809 3234 cum
1833 3167 2160 3249 elephantis

70 3251 469 3316 inducturum
490 3271 555 3313 se
576 3252 639 3314 in
657 3264 1011 3319 recusantes·
1058 3257 1388 3338 Stupebant
1405 3257 1720 3337 improviso
1741 3258 1892 3320 malo
1913 3253 2159 3333 pedites,
2182 3252 2258 3314 17

70 3357 201 3402 nec
217 3338 353 3419 plus
368 3339 431 3400 in
450 3338 581 3418 ipso
606 3337 896 3416 Meleagro
918 3349 1041 3404 erat
1058 3352 1159 3404 aut
1173 3343 1400 3406 consilii
1421 3352 1522 3407 aut
1539 3346 1736 3406 animi.
1779 3340 2162 3403 Tutissimum

73 3445 160 3488 ex
212 3423 649 3510 praesentibus⁸
671 3424 1001 3500 videbatur,
1052 3438 1396 3506 exspectare
1444 3431 1640 3512 potius
1690 3446 1862 3507 quam
1919 3443 2160 3488 movere

72 3513 410 3574 fortunam.
476 3509 625 3571 Tum
649 3510 946 3584 Perdicca,
987 3518 1053 3573 ut
1085 3521 1391 3593 torpentes
1422 3527 1480 3578 et
1518 3514 1811 3577 obnoxios
1850 3511 2010 3586 vidit,
2047 3531 2155 3576 ccc
2178 3509 2258 3572 18

70 3599 248 3672 fere,
298 3595 395 3676 qui
440 3595 797 3677 Meleagrum
842 3607 1245 3678 erumpentem
1291 3621 1362 3664 ex
1411 3601 1719 3673 concione,
1771 3617 1921 3680 quae
1967 3599 2156 3676 prima
