2417 3900
223 125 308 188 lc
642 120 746 196 DE.
787 118 1527 188 GESTIS.ALEXANDR1
1570 115 1813 183 MAGNI
1832 120 1849 174 L

121 247 202 310 1⁷
218 241 472 308 maximo
505 257 682 306 cursu
716 249 952 321 posset,
994 243 1164 324 sequi
1194 243 1573 306 nunciantes.·
1624 241 1729 304 Vix
1766 239 1913 302 fides
1936 238 2297 304 habebatur.

216 332 420 411 ltaque
442 329 848 408 speculatores
868 327 932 391 in
957 330 1281 398 maritimas
1293 329 1573 410 'regiones
1596 327 1955 410 praemissos
1976 329 2301 406 explorare

217 419 396 491 iubet,
443 415 574 496 ipse
612 416 850 483 adesset
863 433 954 480 unu
990 419 1424 498 praefectorum
1452 416 1662 495 aliquis
1692 413 1950 496 speciem
1978 414 2301 493 praebuis-

117 505 206 572 182
221 513 312 568 set
335 500 594 568 universi
619 502 908 566 venientis
929 505 1239 568 exercitus.
1296 505 1416 566 sed
1446 520 1627 582 quum
1657 502 2063 583 speculatores
2090 517 2298 562 rever-

217 599 510 664 terentum
553 588 766 669 procul
787 590 1337 670 iugens'multitudo
1364 597 1683 669 conspecta
1712 595 1845 649 est.-
1874 587 2052 665 ignes
2074 586 2298 648 deinde

219 677 362 740 totis
401 675 624 756 campis
665 677 958 739 collucere
1011 685 1361 758 coeperunt,
1409 676 1725 755 omniaque
1766 674 1927 734 velut
1963 673 2303 742 continenti

215 762 492 824 incendic
517 763 727 824 ardere
747 763 902 824 visa:
929 783 1114 844 quum
1127 762 1430 825 incondita
1448 761 1762 824 multitudo
1782 759 2304 839 maxime-propter

118 855 201 918 19
217 848 478 919 iumenta
499 848 688 914 laxius
709 851 1000 912 tenderet.
1061 851 1265 930 Itaque
1286 867 1361 910 eo
1382 848 1515 928 ipso
1542 849 1673 910 loco
1695 845 1919 909 metari·
1932 853 2305 924 suos-castra

215 935 492 1009 iusserat,
539 935 744 1008 laetus,
785 936 950 1014 quod
973 935 1134 1000 omni
1159 935 1482 1017 expetierat
1496 943 1651 1009 voto,
1697 935 1759 996 in
1784 932 1911 995 iuis·
1927 932 2303 1014 potissimum

115 1027 202 1090 20
219 1019 508 1100 angustiis
535 1021 996 1085 decernendum
1047 1024 1196 1085 fore.
1266 1023 1584 1094 Ceterum.
1611 1027 1697 1083 ut·
1723 1021 1877 1082 >solet
1898 1017 2070 1093 fieri,
2116 1033 2308 1100 quum

223 1195 312 1258 cia
339 1201 450 1256 est.
509 1193 678 1256 Illam
694 1191 888 1274 ipsam
903 1196 1229 1271 fortunam,
1275 1212 1391 1277 qua
1416 1194 1718 1274 aspirante
1738 1200 1976 1255 restam
2003 1209 2303 1273 prospere
2397 1199 2398 1230 ³

223 1288 514 1360 gesseram
565 1281 907 1356 verebatur,
949 1299 1062 1344 uec
1102 1281 1316 1345 iniuria
1358 1299 1431 1343 ex
1470 1280 1594 1356 his,
1640 1296 1793 1362 quae
1827 1278 2133 1342 tribuisset
2164 1278 2301 1352 sibi,
2397 1281 2398 1296 ¹

223 1383 400 1446 quam
417 1366 716 1430 mutabilis
733 1376 910 1443 esset,
936 1369 1266 1450 reputabat.
1310 1367 1501 1430 Unam
1526 1384 1843 1447 superesse
1866 1371 2123 1440 noctem,
2150 1381 2307 1444 quae

119 1451 212 1514 21
225 1452 370 1516 tanti
396 1451 752 1516 discriminis
783 1465 1114 1518 moraretur
1149 1462 1447 1517 eventum.
1517 1454 1747 1516 Rursus
1773 1451 2140 1525 occurrebat,
2174 1467 2307 1512 ma-

219 1539 348 1602 iora
369 1538 648 1620 periculis
672 1541 953 1622 praemia,
1003 1549 1082 1616 et,
1129 1541 1283 1604 sicut
1309 1539 1553 1603 dubium
1580 1547 1756 1614 esset,
1803 1556 1879 1600 an
1908 1538 2185 1612 vinceret,
2223 1537 2309 1598 ita

220 1625 369 1688 illud
395 1625 595 1705 utique
625 1634 854 1688 certum
879 1645 1030 1702 esse,
1074 1629 1332 1690 honeste
1353 1631 1412 1686 et
1446 1642 1581 1687 cum
1614 1641 1830 1704 magua
1854 1624 2030 1686 laude
2053 1621 2307 1686 moritu-

117 1717 204 1780 22
222 1728 375 1772 rum.
419 1710 626 1790 Itaque
643 1729 894 1792 corpora
919 1674 1134 1774 milites
1157 1723 1367 1774 curare
1386 1711 1559 1773 iussit
1584 1728 1653 1772 ac
1682 1711 1895 1772 deinde
1918 1709 2087 1772 tertia
2110 1707 2343 1788 vigiliaa

221 1796 546 1858 instructos
573 1804 634 1858 et
659 1806 916 1860 armatos
943 1815 1097 1859 esse.
1161 1797 1333 1877 lpse
1314 1815 1378 1860 ιιι
1404 1795 1607 1876 iugum
1628 1797 1769 1858 editi
1798 1796 2016 1859 montis
2042 1795 2315 1857 ascendit

223 1880 540 1961 multisque
581 1882 1007 1945 collucentibus
1053 1883 1281 1946 facibus
1300 1921 1305 1926 -
1326 1881 1517 1964 patri-o
1563 1901 1731 1953 more
1784 1881 2140 1946 sacrificium
2195 1881 2315 1943 diis
2396 1889 2398 1930 ἰ

120 1972 208 2043 ἳθ
227 1967 602 2051 praesidibus
627 1968 747 2031 loci
779 1970 933 2034 fecit.
979 1970 1225 2051 Iamque
1250 1969 1508 2044 tertium,
1555 1969 1709 2032 sicut
1740 1968 2125 2051 praeceptum
2163 1976 2311 2045 erat,

225 2055 462 2135 signum
486 2055 631 2116 tuba
653 2055 826 2118 miles
863 2065 1198 2137 acceperat,
1242 2055 1437 2118 itineri
1466 2056 1641 2118 simul
1676 2065 1917 2137 paratus
1944 2074 2014 2117 ac
2034 2056 2313 2134 proelio:

227 2149 590 2221 strenueque
613 2140 760 2204 iussi
786 2143 1116 2222 procedere
1145 2143 1377 2205 oriente
1394 2143 1525 2204 luce
1564 2151 1965 2222 pervenerunt
2002 2140 2079 2203 ad
2102 2152 2311 2221 angu-

122 2236 209 2300 24
229 2226 402 2301 stiae,
448 2228 920 2309 quas'occupare
943 2228 1348 2291 decreverant.
1409 2228 1663 2290 Dareum
1694 2228 1934 2309 triginta
1956 2228 2097 2289 inde'
2120 2227 2317 2289 stadia

227 2314 440 2377 abesse
477 2314 791 2395 praemissi
839 2315 1201 2378 indicabant.
1270 2316 1443 2377 Tunc
1486 2316 1815 2377 consistere
1866 2330 2081 2393 agmen
2124 2312 2315 2389 iubet,

225 2399 528 2479 armisque
551 2400 682 2481 ipse
707 2402 959 2481 sumptis
983 2402 1170 2463 aciem
1190 2400 1547 2464 ordinatum.
2342 2398 2361 2413 ”

357 2485 548 2545 Daffio
575 2485 892 2549 adventum
911 2488 1170 2550 hostium
1191 2487 1390 2568 pavidi
1416 2492 1683 2566 agrestes
1708 2484 2141 2547 nunciaverunt
2155 2506 2179 2558 ,·
2214 2484 2316 2547 vix
2398 2526 2400 2558 2

123 2574 210 2639 25
230 2569 496 2633 credenti
513 2572 1054 2647 occurrereetiam,
1103 2591 1255 2653 quos
1283 2583 1347 2635 ut
1376 2572 1667 2651 fugientes
1706 2570 2085 2653 sequebatur.
2150 2568 2315 2649 Ergo
2398 2568 2400 2649 ξ

229 2673 352 2717 ιιοιι
404 2654 724 2718 mediocris
765 2658 1030 2721 omnium
1079 2658 1310 2721 animos
1365 2658 1624 2721 formido
1670 2655 2027 2719 incesserat:
2090 2656 2318 2738 quippe

227 2740 423 2803 itineri
446 2758 622 2821 quam
650 2744 878 2823 proelio
897 2744 1158 2825 aptiores
1185 2752 1373 2820 erant,
1416 2744 1751 2825 raptimque
1779 2757 1944 2803 arma
1973 2742 2318 2823 capiebant.

229 2826 350 2888 Sed
375 2826 507 2906 ipsa
541 2828 842 2911 festinatio
869 2831 1330 2894 discurrentium
1364 2848 1627 2911 suosque
1660 2829 1737 2890 ad
1774 2846 1936 2891 arma
1976 2828 2319 2891 vocantium

122 2914 210 2982 26
231 2911 510 2975 maiorem
539 2920 764 2979 metum
799 2916 1070 2979 incussit.
1129 2918 1287 2979 Alii
1270 2938 1332 2980 ιιι
1367 2915 1571 2997 iugum
1606 2914 1823 2978 montis
1861 2924 2203 2991 evaserant,
2250 2924 2319 2978 ut

226 2997 485 3059 hostium
524 3016 738 3079 agmen
764 3002 906 3067 inde
939 3003 1388 3084 prospicerent.
1408 3022 1625 3085 equos
1670 3001 1937 3083 plerique
1974 3001 2320 3064 frenabant.

157 3083 470 3147 Discors
489 3088 778 3151 exercitus
805 3106 918 3151 nec
942 3091 1018 3152 ad
1044 3107 1231 3153 unum
1248 3091 1509 3153 intentus
1532 3088 1843 3169 imperium
1868 3086 2027 3149 vario
2052 3090 2320 3151 tumultu

123 3176 213 3239 27
232 3179 442 3233 cuncta
459 3172 816 3237 turbaverat.
859 3176 1084 3239 Dareus
1106 3176 1273 3239 initio
1294 3177 1496 3256 iugum
1516 3174 1735 3237 montis
1762 3193 1893 3236 cum
1913 3182 2082 3273 parte
2110 3174 2318 3254 eopia-

228 3276 362 3320 rum
417 3276 712 3341 occupare
762 3262 991 3335 statuit,
1063 3269 1122 3324 et
1169 3282 1202 3325 a
1252 3266 1444 3325 fronte
1495 3270 1554 3324 et
1597 3280 1632 3323 a
1682 3268 1852 3339 tergo
1900 3260 2319 3322 circumiturus

231 3343 495 3420 hostem,
513 3364 574 3407 a
615 3346 764 3408 mari
804 3364 1070 3428 quoque„
1117 3367 1235 3429 quo
1280 3349 1551 3410 dextrum
1591 3347 1719 3408 eius
1762 3366 1949 3409 cornu
1984 3348 2318 3425 tegebatur,

123 3426 382 3493 walins
401 3431 762 3507 obiecturus,
782 3441 854 3496 ut
878 3434 1140 3514 undique
1164 3442 1421 3514 urgeret.
1465 3433 1710 3495 Praeter
1732 3432 1882 3495 haec
1922 3432 2143 3513 viginti
2152 3432 2324 3494 milia'

231 3518 558 3595 praemissa
583 3532 722 3582 cum
755 3519 1188 3599 sagittariorum
1230 3538 1409 3583 manu
1434 3520 1713 3584 Pinarum
1749 3538 2000 3593 amnem,
2049 3518 2148 3598 qui
2192 3520 2317 3581 duo

235 3601 468 3679 agmina
489 3604 883 3683 interfluebat,
919 3605 1170 3671 transire
1193 3615 1254 3670 et
1278 3606 1537 3671 obiicere
1554 3624 1691 3669 sese
1707 3604 2097 3668 Macedenum
2124 3606 2318 3687 copiis
