2417 3900
550 145 708 226 LIB.
752 146 825 205 Χ.
874 144 1074 223 (vm.)
1120 146 1278 208 CAP.
1324 146 1394 208 X.
1445 144 1693 209 1—20.
2055 170 2065 175 ·
2103 147 2230 210 223

99 260 247 323 curis
286 261 545 324 omnium
579 263 653 322 ad
690 262 1062 321 formandum
1098 262 1394 340 publicum
1429 272 1641 325 statum
1674 283 1706 325 a
1735 272 1852 325 tam
1897 267 2169 330 sollemni

96 364 339 408 munere
366 348 608 409 aversis,
653 347 727 407 Et
750 365 869 406 non
898 346 1026 407 aliis
1052 365 1224 424 quam
1253 349 1705 427 Mesopotamia-e
1726 351 1968 429 regione
1993 352 2166 421 fervi·
2189 362 2270 425 10

98 432 224 493 dior
244 441 441 502 aestus
470 432 681 508 existit,
709 432 857 491 adeo
884 446 949 494 ut
974 431 1254 511 pleraque
1277 434 1564 510 animalia,
1591 454 1738 515 quae
1763 436 1825 498 in
1855 436 2016 497 nudo
2038 440 2165 500 solo

96 518 513 598 deprehendit,
556 516 917 595 exstinguat3
964 526 1161 578 tantus
1206 528 1296 579 est
1337 538 1518 599 vapor
1552 521 1694 581 solis
1733 530 1794 585 et
1837 522 2002 595 coeli,
2049 542 2166 602 quo

93 612 301 666 cuncta
332 604 487 664 velut
510 602 647 682 igne
674 612 992 663 torrentur.
1037 602 1256 665 Fontes
1287 623 1569 703 aquarum
1597 614 1656 667 et
1678 608 1797 669 rari
1827 614 1967 669 sunt
1991 615 2049 668 et
2073 608 2169 669 in-
2190 616 2268 677 11

92 689 410 752 colentium
436 689 643 750 fraude
666 689 1002 764 celantur3
986 688 1131 786 ipsis
1156 706 1298 751 usus
1325 699 1504 771 patet,
1527 691 1766 770 ignotus
1791 700 1881 755 est
1905 691 2167 756 advenis·

86 774 165 837 Ut
203 776 440 836 tandem
474 792 683 836 curare
719 793 933 853 corpus
958 774 1289 837 exanimum
1319 777 1524 839 amicis
1560 779 1796 854 vacavit,
1833 780 1989 845 nulla
2015 780 2167 855 tabe,
2191 784 2270 845 12

80 880 164 922 ne
212 859 454 921 minimo
499 860 748 959 quidem
772 859 953 921 livore
994 871 1334 941 corruptum
1378 862 1606 938 videre,
1653 864 1751 943 qui
1788 848 2185 928 intraverant.

66 946 269 1024 -Vigor
306 964 557 1026 quoque,
603 946 702 1027 qui
736 954 965 1007 constat
1004 965 1074 1008 ex
1108 947 1337 1046 spiritu,
1382 968 1502 1011 non
1542 950 1886 1013 destituerat
1920 952 2168 1015 vultum.

80 1032 297 1113 Itaque
340 1032 607 1113 Aegyptii
651 1032 1073 1112 Chaldaeique,
1118 1033 1267 1095 iussi
1309 1054 1524 1116 corpus
1573 1055 1683 1103 suo
1722 1056 1889 1099 more
1937 1056 2165 1113 curare,
2190 1040 2270 1102 13

81 1118 279 1197 primo
317 1136 439 1180 non
484 1126 625 1179 sunt
670 1119 795 1180 ausi
833 1118 1147 1178 admovere
1184 1120 1344 1180 velut
1381 1120 1626 1199 spiranti
1660 1138 1908 1183 manus:
1951 1122 2168 1185 deindo

74 1203 327 1283 precati,
350 1211 418 1264 ut
438 1202 530 1263 ius
551 1204 759 1281 fasque
782 1210 939 1264 esset
957 1204 1301 1266 mortalibus
1327 1212 1636 1265 attrectare
1659 1224 1811 1280 eum,
1841 1224 2170 1287 purgavere

64 1306 324 1366 coi-pua,
362 1287 765 1366 repletumque
801 1297 889 1348 est
924 1287 1207 1349 odoribus
1237 1306 1479 1351 aureum
1507 1288 1720 1351 solium
1760 1300 1818 1351 et
1853 1290 2026 1371 capiti
2062 1291 2169 1353 ad-

75 1375 243 1435 iecta
268 1374 541 1433 fortunae
560 1374 689 1433 eius
712 1371 985 1451 insignia.

209 1458 454 1519 Veneno
496 1466 769 1521 necatum
809 1475 943 1519 esse
982 1458 1288 1519 credidere
1328 1458 1622 1539 plerique:
1663 1458 1846 1521 filium
1879 1460 2169 1540 Antipatri
2191 1462 2272 1523 14

70 1546 239 1607 inter
256 1543 578 1619 ministroS,
604 1543 807 1605 Iollam
826 1543 1083 1618 nomine,
1106 1543 1291 1623 patris
1307 1543 1476 1605 iussu
1497 1542 1754 1607 dedisse.
1799 1546 1992 1625 Saepe
2011 1554 2170 1607 certe

76 1629 286 1693 audita
308 1638 435 1691 erat
453 1648 565 1691 vox
580 1628 909 1704 Alexandri,
930 1628 1298 1709 Antipatrum
1315 1630 1543 1710 regium
1565 1632 1835 1693 affeetare
1854 1630 2166 1731 fastigium,

72 1716 491 1793 maioremque
518 1732 651 1777 esse
678 1715 957 1796 praefecti
981 1715 1211 1797 opibus,
1249 1730 1318 1778 ac
1347 1716 1517 1779 titulo
1547 1716 1868 1797 Spartanae
1895 1715 2166 1779 victoriae

66 1795 371 1875 inflatum,
416 1800 613 1861 omnia
648 1818 681 1861 a
724 1821 789 1863 se
823 1802 957 1863 data
1000 1811 1363 1865 asserentem
1401 1803 1531 1865 sibi.
1599 1802 1931 1866 Credebant
1965 1802 2162 1879 etiam,
2187 1800 2268 1863 15

66 1887 387 1950 Craterum
431 1904 560 1950 cum
602 1896 863 1952 veterum
902 1886 1149 1952 militum
1186 1905 1364 1952 manu
1406 1890 1478 1952 ad
1514 1888 1983 1954 iuteifieiendum
2029 1910 2163 1956 eum

66 1972 350 2036 missum.
412 1973 533 2034 Vim
559 1983 751 2036 autem
778 1976 1006 2050 veneni,
1034 1977 1192 2054 quod
1219 1977 1281 2037 in
1309 1976 1652 2038 Macedonia
1671 1978 1950 2056 gignitur,
1984 1979 2164 2040 talem
2185 1972 2266 2033 16

70 2059 243 2138 {esse
267 2059 537 2135 constat]‚
574 2068 637 2121 ut
662 2063 879 2122 ferrum
902 2081 1138 2138 quoque
1162 2071 1384 2131 exurat,
1419 2062 1696 2138 ungulam
1719 2063 1965 2122 iumenti
1991 2065 2164 2124 dum·-
2215 2115 2223 2123 ,

66 2150 243 2210 taxat
271 2143 591 2220 patientem
620 2145 794 2204 succi.
860 2145 1093 2223 Stygem
1130 2145 1426 2222 appellant
1449 2145 1690 2216 sontem,
1737 2163 1806 2205 ex
1833 2163 1950 2224 quo
1979 2147 2162 2226 pesti-
2183 2149 2264 2215 17

64 2233 275 2294 ferum
298 2226 456 2286 virus
490 2236 739 2288 emanat.
792 2225 921 2288 Hoc
950 2247 1057 2306 per
1079 2229 1472 2288 Cassandrum
1495 2229 1734 2290 allatum
1767 2231 2162 2309 traditumque
2245 2263 2256 2272 -

62 2313 251 2380 fratri
272 2311 450 2372 Iollae
476 2320 531 2372 et
558 2311 631 2372 ab
656 2330 726 2372 eo
750 2331 1061 2392 supremae
1083 2313 1238 2392 regis
1263 2312 1486 2392 potioni
1518 2313 1786 2376 inditum.
1847 2313 2025 2390 Haec,
2067 2321 2162 2377 ut·
2183 2317 2266 2380 18

66 2417 319 2479 cunque
342 2405 479 2459 sunt
502 2395 741 2470 credita,
768 2417 987 2473 eorum,
1012 2417 1161 2478 quos
1183 2415 1386 2460 rumor
1407 2405 1760 2478 asperserat,
1787 2417 1926 2462 mox
1948 2408 2162 2478 poten-

64 2489 157 2552 tia
206 2483 467 2546 extinxit.
527 2483 799 2564 Regnum
836 2484 991 2546 enim
1026 2483 1406 2554 Macedoniae
1439 2483 1742 2564 Antipater
1775 2493 1834 2546 et
1859 2483 2160 2548 Graeciam

68 2589 323 2656 quoque
367 2570 597 2633 invasit.
658 2569 907 2634 soboles
953 2570 1166 2632 deinde
1201 2571 1461 2650 excepit,
1502 2570 1822 2634 interfectis
1862 2567 2158 2645 omnibus,
2181 2571 2260 2634 19

67 2659 416 2741 quicunque
440 2656 831 2722 Alexandrum
864 2656 1037 2718 etiam
1060 2657 1380 2736 longinqua
1408 2657 1768 2737 cognatione
1780 2658 2157 2738 contigerant.

68 2747 359 2808 Ceterum
385 2759 601 2821 corpus
626 2743 751 2806 eius
776 2760 809 2804 a
832 2743 1187 2818 Ptolemaeo,
1225 2743 1316 2806 cui
1341 2745 1640 2824 Aegyptus
1665 2755 1938 2820 cesserat,
1967 2746 2156 2810 Mem·
2175 2741 2262 2808 2⁰
2319 2776 2326 2781 ·

66 2830 249 2926 phim
294 2838 352 2890 et
394 2828 533 2888 inde
581 2833 779 2912 paucis
815 2838 955 2910 post
992 2829 1161 2892 anuis
1200 2830 1613 2894 Alexandr-tam
1657 2833 1998 2896 translatum
2045 2842 2155 2911 est,

68 2915 395 2994 omnisque
414 2918 732 2982 memoriae
756 2938 823 2982 ac
846 2913 1073 2979 nomini
1093 2915 1290 2978 honos
1311 2915 1578 2982 habetur.

949 3196 1386 3210 ———————fi———-
