2417 3900
258 106 342 169 so
536 68 541 73 ’
702 104 801 167 nn
846 104 1109 167 cesus
1154 102 1587 166 ALExANnm
1631 102 1891 177 MAGNL

254 244 411 291 nova
430 224 683 287 ludibria
710 224 967 289 subinde
990 224 1360 305 excogitante
1384 225 1640 285 fortuna.
1683 224 1757 285 Et
1784 242 1859 285 ne
1881 223 2036 284 forte
2059 222 2230 284 cultu
2255 240 2356 283 re-

255 314 352 393 gio
395 318 609 393 posset
649 309 924 393 agnosci,
980 310 1242 374 sordidis
1289 308 1542 391 pellibus
1593 310 1922 371 vehiculum
1973 308 2351 383 intexerant3

250 397 441 480 ignoti
470 398 732 461 iumenta
756 398 1026 479 agebant,
1052 416 1131 461 ne
1151 396 1639 479 percontantibus
1663 397 1726 459 in
1755 395 1990 475 agmine
2015 396 2351 457 monstrari

252 492 487 566 posset3
513 485 795 548 custodes
816 484 1028 566 procul
1052 484 1474 565 sequebantur.

180 567 230 641 '1
382 570 546 651 Cap.
561 570 716 634 Xlll.
758 570 1110 648 Alexander,
1134 570 1336 634 audito
1347 570 1602 632 Dareum
1625 565 1884 627 movisse
1903 565 1978 627 ab
2001 564 2350 631 Ecbatanis

249 657 475 719 omisso
496 657 728 733 itinere,
754 658 916 738 quod
941 658 1179 737 petebat
1202 656 1266 719 in
1292 656 1566 728 Mediam,
1593 652 1914 731 fugientem
1937 652 2178 730 insequi
2207 670 2353 731 per-

186 757 229 819 2
249 742 335 821 git
366 750 629 807 strenue.
672 742 869 806 Tabas
894 743 1218 824 (oppidum
1245 752 1338 805 est
1357 743 1422 804 in
1444 743 1840 805 Paraetacene
1864 737 2096 816 ultima)
2129 756 2350 817 perve-

247 828 363 891 nit:
386 828 471 891 ibi
494 830 830 910 transfugae
856 831 1157 904 nunciant,
1184 828 1571 910 praecipitem
1598 827 1735 904 fuga
1759 826 1967 885 Bactra
1998 832 2206 904 petere
2228 824 2349 885 'Da-

186 928 227 992 3
246 920 437 990 reum.
492 915 758 978 Certiora
794 915 1015 977 deinde
1050 916 1359 995 cognoscit
1390 933 1462 976 ex
1489 910 1802 990 Bagistane
1829 910 2190 991 Babylonio:
2221 930 2347 971 non

249 1000 529 1082 equidem
560 1001 824 1063 vinctum
859 1019 1082 1080 regem,
1131 1003 1240 1064 sed
1273 1000 1336 1063 in
1371 1000 1636 1081 periculo
1677 1016 1812 1061 esse
1846 1006 1947 1059 aut
1969 996 2198 1058 ‘mortis
2245 1006 2348 1060 aut

184 1087 615 1161 4vinculorum
645 1088 993 1150 affirmabat.
1037 1090 1161 1150 Rex
1194 1087 1445 1150 ducibus
1481 1083 1840 1158 convocatiS‚
1879 1083 2221 1156 Maximum,
2251 1084 2346 1144 in·
2410 1136 2411 1155 ,

247 1174 389 1253 quit,
418 1192 591 1253 opuS,
620 1174 729 1236 sed
758 1174 929 1237 labor
948 1174 1334 1237 brevissimus
1355 1177 1658 1253 superest:
1685 1170 1912 1231 Dareus
1939 1170 2101 1231 haud
2127 1171 2342 1249 procul
2410 1166 2411 1179 ¹

246 1259 563 1323 destitutus
589 1278 623 1320 a
650 1260 775 1321 suis
801 1270 901 1323 aut
924 1277 1274 1340 oppressus.
1297 1261 1390 1321 ‘In
1409 1258 1509 1322 illo
1537 1275 1791 1337 corpore
1815 1257 2008 1336 posita
2035 1264 2130 1317 est
2157 1257 2342 1333 victo-
2409 1320 2411 1327 ⁴

185 1354 224 1415 5
243 1344 333 1406 ria
355 1354 579 1420 nostra,
606 1354 666 1409 et
688 1354 849 1408 tanta
879 1364 979 1409 res
1006 1346 1319 1413 celeritatis
1341 1355 1436 1409 est
1459 1343 1809 1425 praemium.
1865 1342 2090 1403 Omnes
2117 1342 2344 1421 pariter

246 1431 635 1507 conclamant,
674 1442 927 1512 paratos·
946 1433 1113 1515 ipsos
1152 1433 1353 1515 sequi:
1391 1450 1506 1494 nec
1526 1430 1735 1503 labori,
1767 1447 1881 1489 nec
1903 1428 2173 1507 periculo
2202 1446 2343 1508 par-

240 1526 422 1579 ceret.
482 1518 669 1597 Igitur
697 1518 913 1599 raptim
960 1537 1174 1598 agmen
1208 1538 1420 1581 cursus
1446 1516 1638 1595 magis
1676 1532 1852 1595 quam
1886 1514 2118 1576 itineris
2158 1518 2342 1577 modo

242 1604 424 1678 ducit,
462 1613 865 1667 ne·nocturna
894 1605 1133 1685 quidem
1168 1604 1364 1685 quiete
1406 1604 1685 1666 diurnum
1715 1600 1979 1662 laborem
2017 1600 2342 1663 relaxante.

143 1702 224 1769 ,6
241 1688 451 1769 Itaque
477 1690 799 1769 quingenta
826 1692 1017 1752 stadia
1043 1692 1358 1772 processit,
1383 1700 1850 1770 perventumque
1881 1695 2010 1748 erat
2033 1687 2096 1747 in
2123 1688 2341 1761 vicum,

179 1787 225 1849 7
240 1775 305 1837 in
332 1794 449 1855 quo
473 1776 730 1837 Dareum
748 1776 982 1839 Bessus·
1002 1777 1556 1859 comprehenderat.
1602 1775 1693 1837 Ibi
1717 1774 1930 1846 Melon,
1954 1774 2130 1835 Darei
2151 1773 2340 1836 inter-

242 1878 414 1941 preS,
452 1860 757 1941 excipitur.
818 1862 1081 1942 Corpore
1115 1880 1296 1941 aeger
1330 1880 1454 1924 non
1493 1868 1770 1942 potuerat
1801 1878 2016 1938 agmen
2052 1861 2240 1939 sequi,
2285 1872 2344 1922 et

242 1947 659 2028 deprehensus
688 1946 985 2012 celeritate
1010 1951 1169 2029 regis
1204 1952 1572 2032 transfugam
1597 1967 1664 2010 se
1701 1965 1833 2010 esse
1861 1946 2198 2009 simulabat.
2255 1947 2344 2010 Ex

181 2034 363 2103 Shoc
390 2041 521 2096 acta
552 2035 877 2114 cognoscit.
924 2032 1044 2098 Sed
1068 2036 1323 2116 fatigatis
1358 2034 1698 2098 necessaria
1737 2034 1902 2114 quies
1937 2043 2086 2096 erat.
2130 2033 2342 2114 Itaque

242 2120 495 2182 delectis
514 2120 776 2200 equitum
803 2139 909 2184 sex
940 2121 1177 2186 milibus
1213 2131 1532 2197 trecentos,
1563 2139 1713 2202 quos
1743 2120 2044 2182 dimachas
2073 2121 2342 2201 appella-

166 2269 173 2274 .
238 2207 405 2282 bant,
432 2207 724 2287 adiungit:
749 2208 931 2270 dorso
948 2209 1012 2271 hi
1032 2211 1303 2289 graviora
1324 2225 1490 2271 arma
1514 2207 1850 2289 portabant,
1877 2216 2141 2268 ceterum
2169 2209 2339 2288 equis
2412 2207 2413 2252 l

237 2293 637 2370 vehebantur3
666 2313 848 2376 quum
868 2313 965 2357 res
991 2297 1282 2377 locusque
1301 2303 1596 2375 posceret,
1623 2292 1918 2375 pedestris
1941 2293 2102 2355 acies
2127 2303 2274 2355 erat.

179 2391 219 2452 9
368 2380 531 2444 Haec
560 2388 835 2461 agentem
869 2381 1268 2445 Alexandrum
1301 2379 1524 2447 adeunt
1555 2380 1780 2442 Orsilos
1809 2386 1870 2440 et
1893 2379 2343 2460 Mythracenes:

238 2465 414 2528 Bessi
444 2466 826 2546 parricidium
860 2469 1030 2530 exosi
1050 2469 1513 2548 transfugerant,
1545 2466 2042 2546 nunciabantque,
2081 2465 2278 2528 stadia
2303 2487 2340 2527 n

137 2558 221 2621 10
240 2551 455 2614 abesse
474 2552 711 2626 Persas,
736 2552 904 2632 ipsos
928 2553 1170 2617 brevius
1196 2556 1310 2617 iter
1329 2562 1786 2618 monstraturos
1833 2551 2050 2614 Gratus
2073 2551 2206 2630 regi
2231 2553 2339 2614 ad-

160 2700 174 2718 &
238 2645 451 2699 ventus
474 2639 913 2716 transfugarum
940 2640 1068 2702 fuit.
1113 2640 1320 2722 Itaque
1343 2642 1537 2721 prima
1563 2642 1814 2720 vespera
1843 2639 2094 2701 ducibus
2119 2638 2338 2700 iisdem

166 2736 188 2750 ··
242 2741 377 2784 cum
400 2722 673 2804 expedita
699 2722 963 2803 equitum
992 2744 1173 2788 manu
1199 2736 1592 2790 monstratam
1617 2727 1771 2789 viam
1803 2722 2156 2806 ingreditur,
2185 2727 2340 2806 pha-

126 2806 173 2864 ἶ
236 2807 437 2888 lange,
484 2809 771 2888 quantum
806 2811 1090 2874 festinare
1118 2823 1357 2893 posset,
1405 2813 1575 2893 sequi
1609 2813 1789 2874 iussa.
1857 2813 1992 2891 Ipse
2034 2812 2338 2891 quadrato

238 2895 475 2974 agmine
504 2895 793 2958 incedens
819 2896 903 2958 ita
934 2915 1173 2961 cursum
1196 2899 1458 2978 regebat,
1501 2909 1566 2961 ut
1588 2899 1766 2979 vprimi
1803 2899 2084 2976 coniungi
2111 2898 2338 2960 ultimis

137 2991 217 3054 11
236 2989 511 3063 possent.
576 2977 868 3046 Tr'ecenta
899 2985 1089 3048 stadia
1114 2995 1557 3066 processerant,
1597 3003 1779 3069 quum
1810 2985 2068 3047 occurrit
2102 2985 2338 3047 Brocu-

234 3068 424 3145 belus,
456 3067 681 3130 Mazaei
703 3069 878 3144 filius,
907 3071 1108 3153 Syriae
1136 3072 1440 3150 quondam
1467 3079 1729 3152 praetor.
1779 3072 1839 3132 Is
1866 3089 2106 3151 quoque
2133 3081 2338 3134 trans-

235 3154 376 3234 fuga
404 3153 757 3230 nunciabat,
799 3157 1053 3219 Bessum
1078 3158 1530 3238 ‘baud'amplius
1558 3161 1734 3238 quam
1770 3175 1841 3219 cc
1874 3155 2066 3219 stadia
2097 3157 2338 3220 abesse.

233 3241 593 3317 Exercitum,
630 3249 843 3323 utpote
870 3243 969 3324 qui
996 3243 1144 3306 nihil
1177 3252 1581 3324 praecaveret,
1609 3244 2076 3324 incompositum
2101 3244 2339 3308 inordi-

234 3329 561 3411 natumque
582 3330 935 3409 procedere.
982 3329 1340 3412 Hyrcaniam
1371 3329 1558 3394 videri
1579 3329 1890 3412 petituros.
1935 3329 1999 3392 Si
2019 3330 2338 3393 festinaret

138 3417 219 3479 12
238 3414 424 3492 sequi,
446 3417 717 3496 palantes
744 3429 1262 3501 superventurum.
1305 3417 1563 3480 Dareum
1590 3418 1787 3479 adhuc
1809 3416 2040 3485 vivere·
2067 3417 2340 3480 Strenuo

242 3497 499 3579 alioquin
543 3501 925 3584 cupiditatem
970 3503 1377 3584 consequendi
1413 3505 1720 3582 transfuga
1759 3503 2060 3565 iniecerat.
2122 3501 2339 3583 Itaque

240 3581 565 3652 calcaribus
594 3588 849 3653 subditis
876 3592 1065 3654 efl'u'so
1084 3609 1268 3654 cursu
1294 3599 1456 3654 eunt.
1500 3588 1746 3670 Iamque
1769 3585 2040 3650 fremitus
2064 3587 2342 3652 hostium
