2417 3900
201 75 292 136 an
642 73 748 134 nn
787 70 1050 134 ansus
1094 19 1527 132 &textuum
1568 67 1813 133 mem
1894 123 1915 134 -

151 200 190 258 5
207 196 341 258 e‘ela
361 193 424 255 id
451 195 686 272 ass'equi
713 201 964 274 poterat,
993 191 1331 254 timebatur.
1418 190 1691 253 Ceterum
1716 189 2066 264 Alexander,
2107 211 2301 270 quam

207 281 513 360 regionem
533 281 764 341 Dareus
785 279 1048 360 petisset,
1075 277 1240 338 omni
1264 293 1401 338 cura
1425 277 1719 356 vestigans
1746 285 1946 338 tamen
1972 277 2305 357 explorare

202 385 334 430 non
371 373 632 447 poterat,
686 383 856 433 more
893 365 1152 445 quodam
1175 364 1493 426 Persarum
1518 380 1729 426 arcana
1760 363 1967 446 regum
1994 363 2151 426 mira
2198 385 2304 426 ce-

149 452 461 528 olantium
479 453 622 514 fide.
665 453 800 514 Non
826 461 1039 526 metue,
1065 469 1190 512 non
1218 467 1358 531 spes
1386 449 1541 512 elicit
1562 468 1788 524 vocem,
1814 467 1930 530 qua
1950 451 2305 530 prodantur

203 541 462 602 occulta.
551 540 728 600 Vetus
769 538 1084 618 disciplina>
1115 552 1324 615 regum
1360 535 1657 598 silentium
1682 537 1835 598 vitae
1853 535 2124 616 periculo
2154 556 2305 599 san-

117 642 161 690 .·
205 633 406 690 xerat.
485 623 713 704 Lingua
739 626 971 704 gravius
1007 623 1354 701 castigatur,
1408 639 1582 702 quam
1604 623 1789 686 ullum
1810 621 2132 702 probrum:
2185 643 2307 686 nec

211 728 487 790 magnam
519 729 656 773 rem'
683 711 962 774 sustineri
997 727 1180 788 posse
1216 708 1467 769 credunt
1502 709 1575 768 ab
1611 728 1681 769 eo
1698 711 1717 783 ,'
1762 707 1855 770 cui
1882 715 2303 789 tacere-grave

207 797 309 872 sit,
341 798 506 876 quod
526 797 752 859 homini
776 797 1112 870 facillimum
1134 795 1379 856 voluerit
1404 812 1537 855 esse
1562 804 1793 858 natura.
2405 859 2406 866 χ

119 891 193 952 ·7
339 881 438 942 oh
469 883 626 944 hanc
659 901 928 944 caussam
964 881 1299 942 Alexander
1342 880 1623 956 omnium,
1672 897 1823 962 quae
1862 879 2020 960 apud
2054 879 2307 941 hostem
2405 869 2406 929 ἶ

209 977 590 1047 gererentur,
635 969 894 1050 ignarus·
926 968 1132 1029 urbem
1169 966 1381 1028 Gazam
1414 965 1747 1029 obsidebat.
1832 967 2118 1028 Praeerat
2162 966 2307 1028 urbi
2405 977 2406 1020 5

215 1055 398 1128 Beue,
427 1053 674 1116 eximiae
699 1055 763 1116 in
787 1070 988 1133 regem
1011 1066 1186 1115 suum
1211 1053 1370 1127 fidei,
1392 1051 1747 1133 modicoque
1764 1049 2065 1133 praesidio
2089 1071 2307 1114 muros
2405 1063 2406 1090 ³

155 1139 474 1220 singentis
519 1141 720 1220 operis
762 1142 1054 1203 tuebatur.
1139 1139 1475 1202 Alexander
1510 1131 1816 1202 aestimato
1860 1140 2132 1200 locorum
2184 1141 2309 1201 situ
2353 1189 2371 1196 r
2405 1119 2406 1148 ³

215 1228 316 1306 agi
351 1226 660 1291 cuniculos
704 1227 902 1301 iussit,
951 1226 1104 1288 facili
1139 1243 1208 1286 ac
1253 1218 1365 1287 le'vi
1400 1226 1582 1288 humo
1619 1234 1963 1306 acceptante
1998 1222 2308 1287 occultum
2405 1263 2406 1282 1

215 1331 407 1394 opus:
451 1313 675 1394 quippe
707 1315 952 1376 multam
985 1329 1222 1374 arenam
1260 1311 1515 1374 vicinum
1550 1329 1714 1374 mare
1749 1311 1965 1373 evomit
2006 1329 2120 1372 nec
2162 1329 2308 1372 saxa

157 1405 198 1467 9
219 1409 522 1478 cotesque,
549 1415 704 1479 quae
726 1400 1106 1480 interpellent
1129 1417 1365 1479 speciae,
1396 1399 1652 1460 obstant.
1712 1398 1897 1476 lgitur
1920 1397 1994 1458 ab
2019 1415 2087 1458 ea
2108 1407 2307 1478 parte,

215 1503 398 1566 quam
423 1486 706 1565 oppidani
731 1486 1076 1566 conspicere
1100 1505 1224 1546 non
1254 1490 1521 1565 possent,
1560 1503 1712 1566 opus
1738 1502 1929 1558 orsuS,
1960 1491 2030 1545 ut
2056 1503 2087 1544 a
2116 1495 2311 1546 sensu

217 1571 356 1634 eius.
371 1579 684 1646 arerteret,
707 1580 902 1635 turres
923 1572 1108 1634 muris
1131 1571 1433 1632 admoveri
1454 1570 1637 1632 iubet.
1700 1570 1818 1632 Sed
1847 1570 2056 1632 eadem
2081 1571 2308 1632 humus

163 1707 188 1716 ..
215 1657 530 1718 movendis
567 1657 790 1718 inutilis
817 1659 1084 1720 turribus
1111 1657 1421 1717 desidente
1448 1657 1651 1718 sabulo
1690 1655 2009 1736 agilitatem
2038 1663 2307 1718 rotarum

219 1742 584 1816 morantur,
613 1751 675 1802 et
701 1743 958 1806 tabulata
988 1743 1239 1806 turrium
1264 1737 1685 1822 perfringebat,
1711 1743 2000 1824 multique
2025 1744 2308 1804 vulnera-

219 1829 440 1890 bantur
475 1826 738 1906 impune,
783 1847 966 1907 quum
1001 1829 1161 1890 idem
1186 1827 1543 1907 recipiendis
1571 1829 1670 1914 qui
1696 1827 2083 1891 admovendis
2127 1830 2309 1892 turri-

123 1915 205 1988 lo
223 1913 341 1978 hus
356 1913 666 1991 ,tabanos
689 1914 978 1993 fatigaret.
1063 1913 1223 1993 Ergo
1260 1915 1525 1994 receptui
1550 1915 1723 1995 signo
1756 1917 1898 1979 ‘dato
1934 1923 2179 1997 postero
2212 1914 2311 1977 die

221 2016 429 2063 muros
443 2002 678 2061 »corona
703 2000 1052 2063 circumdari
1076 1999 1269 2063 iussit.
1360 2001 1627 2083 Ortoque
1652 2003 1796 2078 sol'e,
1822 2004 2174 2083 priusquam
2202 2004 2311 2064 ad-

223 2086 492 2149 moveret
517 2087 856 2162 exercitum,
886 2104 1064 2167 opem
1091 2087 1272 2149 deum
1304 2106 1634 2167 exposcens
1659 2107 1893 2151 sacrum
1918 2088 2111 2169 patrio
2138 2108 2311 2151 more

127 2180 204 2244 11
227 2172 495 2235 faciebat.
581 2172 762 2239 Forte
785 2175 1233 2255 praetervolans
1264 2192 1473 2235 corvus
1500 2172 1727 2253 glebam
1744 2223 1759 2249 ‚
1790 2190 1984 2255 ‘quam
2009 2176 2312 2255 unguibus

187 2265 208 2313 Γ
225 2260 475 2335 ferebat,
521 2260 718 2323 subito
742 2261 961 2323 antisit:
1007 2278 1156 2341 quae
1183 2279 1363 2341 quum
1384 2262 1541 2341 regis
1570 2261 1745 2342 capiti
1771 2262 2097 2339 incidisset,
2136 2282 2307 2324 reso-

221 2348 346 2409 luta
371 2347 635 2421 defluxit,
683 2348 813 2431 ipsa
836 2356 1032 2409 autem
1060 2348 1184 2409 avis
1207 2347 1269 2407 in
1296 2348 1563 2427 proxima
1585 2356 1751 2429 turre
1774 2342 2073 2411 consedit.
2159 2348 2315 2413 mita

225 2440 358 2493 erat
375 2433 868 2519 tucrisbitumine
893 2452 963 2496 ae
987 2435 1291 2514 sulphure,
1315 2435 1377 2495 in
1408 2451 1523 2513 qua
1550 2434 1656 2501 alis
1682 2434 2065 2497 haerentibus
2091 2436 2314 2497 frustra

126 2523 206 2585 12
226 2518 568 2583 neumare
599 2526 844 2583 conatus
870 2538 904 2580 a
939 2520 1461 2582 circumstantibus
1492 2520 1739 2601 capitur.
1824 2522 2013 2601 Digna
2038 2540 2138 2601 res
2162 2521 2309 2599 visa,

227 2602 304 2663 de
345 2620 460 2681 qua
491 2611 654 2665 vates
695 2606 1062 2667 consuleret:
1115 2614 1173 2667 et
1197 2614 1326 2667 erat
1358 2623 1481 2667 non
1504 2606 1760 2669 intactus
1789 2610 1858 2669 'ea
1885 2604 2311 2689 superstitione

181 2688 198 2728 ¹
228 2687 465 2749 mentis.
551 2688 710 2767 Ergo
734 2690 1109 2765 Aristander,
1164 2692 1256 2753 cui
1278 2692 1529 2761 maxima
1553 2694 1704 2757 fides
1730 2694 2093 2770 habebatur,
2142 2695 2310 2759 urbis

229 2772 478 2851 quidem
519 2775 812 2837 excidium
863 2776 1114 2855 augurio
1155 2778 1254 2839 illo
1298 2779 1607 2859 portendi,
1668 2791 1931 2844 ceterum
1973 2782 2307 2862 periculum

207 2876 648 2933 ‘esse,··ne.rex
667 2863 881 2925 vulnus
908 2863 1223 2943 acciperet.
1295 2866 1511 2946 ,Itaque
1544 2867 1792 2942 monuit,
1845 2886 1925 2929 ne
1950 2868 2096 2947 quid
2117 2887 2189 2929 eo
2216 2867 2312 2929 die

129 2946 212 3010 13
230 2946 538 3025 inciperet.
625 2942 752 3023 Ille,
773 2960 1130 3031 qumquam
1157 2966 1337 3013 unam
1358 2950 1569 3015 urbem
1592 2954 1727 3031 sibi,
1769 2972 1885 3035 quo
1910 2955 2109 3017 minus
2137 2974 2310 3025 secu-

229 3032 686 3113 msnegyptum
709 3036 973 3111 intraret,
1014 3038 1261 3100 obstare·
1280 3056 1455 3119 aegre
1480 3038 1953 3118 serebat-tamen
1977 3042 2174 3122 paruit
2196 3041 2311 3103 vati

187 3119 1106 3203 '-sigmmque·receptui‘dedit.·
1163 3152 1172 3159 ·
1318 3121 1322 3129 “
1432 3188 1434 3191 ⁴

275 3238 283 3259 ι
361 3203 526 3269 Hine}
541 3208 984 3289 animuscrevit
1011 3210 1297 3289 obsessis,
1325 3206 1667 3291 egressique
1693 3214 1867 3295 porta
1894 3207 2311 3275 recedentibus

235 3292 498 3358 inserunt
535 3294 734 3373 signa,
791 3292 1521 3367 cunct-ationemfhos'tium
1560 3299 1730 3359 suani
1753 3300 1901 3359 ·fore
1938 3296 2312 3361 occasionem

133 3374 218 3435 u
232 3379 364 3440 rati.
451 3382 570 3443 Sed
597 3382 794 3443 aerius
823 3388 999 3461 quam
1039 3382 1417 3444 constantius
1440 3378 1731 3463 proelium
1752 3384 2039 3447 inierunt:
2089 3384 2311 3466 quippe

237 3471 306 3525 ut
329 3464 721 3529 Macedonum
747 3467 914 3547 signa
937 3468 1253 3545 circumagi
1282 3468 1501 3539 videre,
1521 3470 1770 3549 repente
1794 3470 2011 3533 sistunt
2044 3466 2310 3549 gradum.

233 3546 476 3619 lamque
510 3556 584 3617 ad
615 3572 825 3636 regem·
860 3548 1273 3637 proeliantium
1300 3555 1531 3618 clamor
1560 3564 1963 3637 pervenerat,x
1987 3574 2169 3636 quum
2205 3556 2311 3618 de-
