2417 3900
269 136 400 200 222
748 135 851 199 m
894 134 1159 198 OEsris
1200 134 1633 198 ALEXANDRI
1670 84 1918 201 mem

266 259 469 322 habita
490 267 581 320 est
598 267 733 339 post
752 266 1005 319 mortem
1022 255 1354 331 Alexandri,
1378 258 1612 337 sequuti
1635 268 1822 334 erant,
1849 278 1884 319 a
1903 256 2120 321 ceteris
2139 256 2344 320 dim-e-
2400 274 2401 327 3

264 354 384 419 tos,
424 344 753 425 elephantis
782 344 847 407 in
878 351 1202 423 conspectu
1237 342 1417 413 totius
1447 345 1734 407 exercitus
1767 344 2006 419 obiicit·
2033 361 2348 425 omnesque
2400 368 2401 377 ¹

268 432 573 494 beluarum
616 430 871 512 pedilim
905 428 1104 493 obtriti
1143 438 1314 505 sunt,
1361 446 1474 492 nec
1506 431 1862 510 probibente
1901 428 2186 510 Philippo
2199 478 2215 505 ,
2255 450 2351 493 nee

171 527 251 588 19
268 528 539 580 auctore:
586 516 1043 603 apparebatque,
1080 514 1144 579 id
1180 517 1362 578 modo
1399 533 1510 596 pro
1551 534 1668 579 suo
1706 518 2166 591 vindicaturum,
2209 518 2351 597 qued

268 604 665 686 approbasset
699 612 966 667 eventila.
1034 602 1166 664 Hoc
1204 603 1494 665 bellorum
1536 602 1786 666 civilium
1837 603 2264 667 Macedonibus
2309 616 2353 667 et

166 698 255 761 20
267 708 449 754 omen
492 697 555 752 et
584 690 938 771 principium
972 689 1101 752 fuit.
1156 686 1448 768 Meleager
1477 706 1616 751 sero
1655 691 1946 753 intellecta
1987 690 2204 751 lrmde
2230 690 2352 752 Per-

268 776 490 839 diccae·
508 784 635 840 tum
671 777 930 857 quidem,
972 775 1107 855 qnia
1134 774 1325 856 ipsius
1354 775 1589 856 corpori
1615 777 1706 838 vis
1739 796 1861 838 non
1887 778 2269 854 afferebatur,
2303 777 2348 839 in

164 868 247 935 21
270 864 501 942 agmine
540 863 777 943 quietus
816 862 1005 925 stetit:
1038 870 1099 923 at
1138 880 1279 923 mox
1313 860 1586 924 damnata
1617 880 1726 951 spe
1759 863 1981 937 salutiS,
2025 880 2214 945 quum
2247 864 2348 926 einr

256 947 529 1023 nomine,
556 966 737 1027 quem
762 949 889 1027 ipse
918 949 1140 1009 fecerat
1166 962 1390 1026 regem,
1415 946 1480 1009 in
1502 947 1825 1028 perniciem
1853 968 2024 1012 suam
2053 950 2352 1013 abutentes

260 1032 797 1105 videret-inimicos
820 1033 1083 1113 confugit
1097 1033 1160 1095 in
1175 1042 1297 1095 tem
1302 1035 1484 1113 plum,
1503 1052 1572 1097 ac
1587 1054 1666 1096 ne
1685 1036 1802 1098 loci
1819 1036 2065 1116 quidem
2082 1036 2354 1117 religione

257 1119 553 1181 defensus
566 1120 879 1182 occiditur.
1483 1158 1506 1173 ο

204 1208 241 1271 1
394 1206 556 1286 Cap.
594 1206 667 1267 X.
732 1204 1010 1268 Perdicca
1050 1205 1338 1284 perducto
1379 1204 1439 1265 in
1489 1204 1699 1267 urbem
1747 1207 2006 1269 exercitu
2051 1204 2357 1269 consilium

264 1291 598 1372 principum
636 1293 892 1373 virorum
928 1290 1153 1365 habuit,
1189 1290 1252 1351 in
1287 1310 1406 1371 quo
1447 1290 1762 1371 imperium
1795 1293 1876 1355 ita
1909 1292 2093 1355 dividi
2127 1293 2356 1373 placuit,

265 1385 332 1437 ut
368 1396 474 1441 rex
516 1378 750 1459 quidem
790 1394 1081 1440 summam
1118 1376 1248 1438 eius
1287 1377 1600 1439 obtineret.
1663 1379 1944 1459 Satrapes
1983 1379 2350 1447 Ptolemaeus

204 1469 249 1529 2·
263 1463 509 1545 Aegypti
544 1473 604 1526 et
624 1465 853 1525 Africae
892 1462 1172 1543 gentium,
1208 1463 1448 1543 quaein
1484 1464 1702 1526 ditione
1731 1474 1917 1529 erant.
1971 1464 2358 1528 Laomedonti

248 1550 427 1629 <Syria
465 1568 601 1611 vcnm
629 1552 927 1614 Phoenice
954 1550 1089 1611 data
1116 1558 1224 1622 est,
1265 1548 1528 1611 Philotae
1553 1550 1748 1621 Ciiieia
1781 1552 2092 1627 destinata,
2131 1552 2358 1633 Lyciam

217 1652 397 1699 ‚cnm
434 1636 774 1717 Pamphylia
808 1648 863 1699 et
901 1636 1125 1697 maio-re
1162 1634 1411 1714 Phrygia
1457 1636 1730 1698 obtinere
1765 1637 1970 1699 iussus
2004 1638 2357 1718 Antigonus

200 1716 322 1784 ain
368 1722 599 1783 Cariam
644 1724 997 1797 Cassander,
1040 1722 1368 1781 Menander
1409 1721 1471 1783 in
1517 1722 1759 1803 Lydiam
1803 1724 1990 1785 missi.
2053 1725 2360 1807 Phrygiaen

255 1806 552 1868 minorem
600 1808 985 1887 Hellesponto
1058 1806 1394 1867 adiunctam
1442 1808 1730 1870 Leonnati
1803 1810 2174 1889 provinciam
2235 1830 2358 1873 esse

250 1892 579 1956 iusserunt.
638 1892 1011 1974 Cappadocia
1036 1892 1288 1954 EumEni
1322 1910 1454 1954 eum
1487 1896 1885 1976 Paphlagonia
1923 1897 2126 1960 cessit.
2187 1898 2357 1961 Prae-

250 1987 497 2058 ceptam
528 1987 635 2053 est,
666 1989 733 2041 ut
766 1979 1070 2060 regionem
1107 1995 1236 2038 eam
1261 1995 1454 2058 usque
1480 1983 1554 2042 ad
1579 1983 1948 2060 Trapezunta
1989 1984 2358 2059 defenderet,

86 2125 93 2131 .
248 2065 477 2128 bellum
510 2081 641 2127 cum
667 2065 971 2128 Ariarathe
1000 2074 1250 2146 gereret.
1313 2065 1486 2127 Solus
1511 2067 1607 2129 hic
1639 2069 2003 2130 detrectabat
2017 2070 2360 2150 imperium.

198 2151 239 2210 4
258 2150 475 2213 Pithon
518 2151 790 2229 Mediam,
834 2151 1220 2234 Lysimachus
1263 2151 1573 2214 Thraciam
1613 2154 2034 2235 appositasque
2075 2157 2358 2220 Thraciae

255 2237 533 2300 Ponticas
578 2249 783 2318 gentes
822 2239 1091 2301 obtinere
1128 2237 1293 2300 iussi.
1361 2239 1477 2312 Qui
1509 2239 1740 2313 Indiae,
1781 2241 1996 2320 quique
2032 2242 2269 2306 Bactris
2307 2253 2357 2306 et

197 2344 203 2350 ·
258 2323 575 2403 Sogdianis
596 2327 922 2406 ceterisque
940 2332 1043 2387 aut
1058 2324 1267 2386 oceani
1287 2333 1388 2385 aut
1407 2325 1570 2387 rubri
1591 2327 1772 2388 maris
1790 2328 2006 2390 accolis
2026 2339 2354 2408 praeerant,

256 2411 472 2490 quibus
512 2411 761 2492 quisque
794 2411 1011 2473 finibus
1036 2410 1360 2484 habuisset,
1396 2411 1626 2492 imperii
1655 2415 1822 2474 etiam
1861 2415 1954 2476 ins
1997 2415 2347 2490 obtinerent,

252 2497 561 2558 decretum
598 2506 723 2574 est3
758 2498 1043 2560 Perdicca
1076 2506 1143 2560 ut
1165 2515 1296 2558 cnm
1333 2514 1474 2577 rege
1501 2506 1658 2560 esset
1691 2499 1997 2580 copiisque
2026 2509 2348 2581 praeesset,

199 2589 235 2646 5
256 2599 407 2662 quae
444 2599 645 2662 regem
693 2585 1116 2663 sequebantur.
1180 2582 1500 2644 Credidere
1535 2585 1790 2664 quidam,
1836 2593 2199 2652 testamento
2223 2589 2350 2651 Ale-

253 2668 463 2728 xandri
481 2669 821 2732 distributas
842 2689 975 2732 esse
992 2668 1342 2750 provincias
1367 2668 1472 2731 sed
1497 2671 1711 2733 famam
1729 2673 1854 2735 eius
1875 2673 1979 2747 rei,
2001 2691 2353 2756 quamquam

196 2757 237 2817 6
255 2753 329 2813 ab
356 2755 695 2817 auctoribus
719 2757 931 2818 tradita
961 2765 1069 2828 est,
1086 2772 1315 2817 ‹vanam
1341 2755 1526 2818 fuisse
1553 2757 1970 2838 comperimus.
2008 2755 2090 2823 Et
2111 2762 2352 2841 quidem

254 2856 391 2899 snas
430 2839 680 2922 quisque
718 2861 866 2923 opes
902 2833 1369 2921 divisis-imperii
1394 2843 1660 2923 partibus
1687 2847 2028 2920 tuebantur,
2067 2864 2208 2928 quas
2235 2847 2354 2928 ipsi

256 2925 672 3001 fundaverant,
718 2929 770 2989 si
814 2945 1073 3011 unquam
1123 2927 1408 2990 adversus
1452 2929 1798 2992 immodicas
1841 2932 2197 3012 cupiditates
2233 2942 2349 2996 ter-

196 3013 236 3075 7
254 3010 451 3072 minus
480 3020 681 3075 staret.
740 3013 973 3096 Quippe
996 3015 1195 3095 paullo
1227 3022 1364 3075 ante
1388 3015 1543 3094 regis
1569 3016 1840 3093 ministri,
1883 3019 2089 3098 specie
2117 3020 2346 3102 imperii

256 3096 427 3158 alieni
466 3099 857 3178 procurandi,
906 3100 1121 3181 singuli
1164 3101 1423 3180 ingentia
1462 3103 1803 3167 invaserant
1845 3123 2060 3185 regna,
2102 3107 2344 3170 sublatis

206 3219 212 3226 -
258 3185 642 3247 certaminum
678 3187 923 3265 caussis,
958 3205 1137 3267 quum
1162 3194 1224 3247 et
1246 3205 1452 3250 omnes
1483 3189 1743 3252 eiusdem
1783 3193 1974 3270 gentis
2003 3204 2219 3256 essent
2245 3206 2301 3256 et
2319 3211 2344 3252 a

197 3267 237 3330 8
258 3271 468 3332 ceteris
501 3272 591 3334 sui
628 3272 877 3353 quisque
912 3272 1147 3352 imperii
1180 3273 1422 3352 regione
1465 3275 1720 3338 discreti.
1782 3277 1900 3340 Sed
1943 3277 2186 3342 difficile
2235 3289 2346 3342 erat

256 3373 329 3416 eo
354 3366 666 3422 contentos
692 3377 845 3435 esse,
872 3359 1033 3440 quod
1058 3359 1348 3421 obtulerat
1367 3363 1625 3424 occasio:
1649 3364 1867 3444 quippe
1885 3365 2140 3429 sordent
2156 3369 2346 3448 prima

257 3459 543 3524 quaeque,
589 3467 767 3528 quum
810 3446 1031 3508 maiora
1071 3453 1400 3528 sperantur.
1461 3449 1665 3530 ltaque
1705 3450 1977 3516 omnibus
2011 3453 2347 3532 expeditius

254 3527 569 3594 videbatur
588 3553 805 3616 augere
825 3551 1029 3614 regna,
1058 3551 1235 3614 quam
1255 3534 1467 3598 fuisset
1491 3537 1773 3616 accipere.

200 3608 239 3671 9
386 3617 682 3698 Septimus
726 3623 854 3685 dies
898 3626 1041 3697 erat,
1084 3637 1156 3682 ex
1198 3639 1318 3702 quo
1363 3639 1576 3703 corpus
1612 3623 1768 3702 regis
1805 3623 2030 3687 iacebat
2063 3627 2124 3688 in
2167 3625 2342 3700 solio,
