2417 3900
162 91 288 155 138
632 83 635 87 ⁵
708 88 846 149 -DE
893 85 1158 149 GESTIS
1202 82 1634 149 ALEXANDRI
1678 86 1919 148 MAGNI

266 211 318 271 si
352 226 449 271 me
478 198 661 305 sequi·
678 205 870 281 vulne,
913 206 1100 283 valeo,
1136 204 1331 269 mid.
1397 206 1553 268 Satis
1585 203 1792 268 virium
1827 212 1922 266 est
1949 203 2026 267 ad
2050 202 2360 267 toleranda

264 298 417 359 ista:
443 300 547 354 aut
569 291 621 353 si
644 291 762 359 iam
787 253 958 357 ad’est
978 291 1127 357 vitae
1149 308 1320 353 meae
1339 290 1497 368 finis,
1519 290 1582 353 in
1611 309 1730 371 quo
1755 290 1995 354 tandem
2023 307 2213 370 opere
2236 310 2361 352 me-

262 382 379 444 lius
416 375 801 457 exstinguar?

158 474 247 537 20
388 466 553 526 Haec
568 482 785 544 quassa
801 462 1001 525 adhuc
1025 478 1169 526 voce
1190 460 1587 523 subdeficiens
1607 460 1705 521 vix
1725 460 2012 541 proximis
2035 462 2362 524 exaudien-

244 552 416 616 tibus
450 551 693 626 dixerat,
738 566 921 631 quum
946 565 1155 614 omnes
1188 566 1224 609 a
1247 555 1369 609 tam
1405 546 1715 645 praecipiti
1741 546 1985 611 consilio
2014 566 2228 627 regem
2259 549 2360 609 de-

128 640 237 708 ’21
258 646 383 701 teri
384 656 485 699 ere
515 645 861 719 coeperunt,
906 634 1175 715 Erigyius
1203 632 1476 711 maxime,
1514 632 1621 713 qui
1643 633 1804 695 haud
1835 651 1980 695 sane
2007 635 2360 696 auctoritate

259 722 579 804 proficiens
604 723 763 803 apud
787 722 1152 784 obstinatum
1179 718 1457 795 animum,
1501 718 2001 800 superstitionem,
2047 720 2222 781 cuius
2253 740 2358 802 po-

256 820 396 871 tens
420 828 543 871 non
570 816 697 871 erat
726 826 849 883 rex,
892 807 1161 869 incutere
1181 804 1442 879 tentavit,
1492 804 1764 881 dicendo,
1811 806 1958 867 deos
1987 787 2233 886 quoque
2255 809 2356 868 ob-

260 904 417 957 stare
468 886 741 970 consilio,
800 900 1199 972 magnumque
1249 891 1604 973 periculum,
1657 892 1708 952 si
1749 852 1979 953 ’flumen
2027 893 2366 965 transisset,

154 985 237 1048 22
259 979 513 1042 ostendi.
561 979 805 1042 Intranti
832 978 1065 1059 Erigyio
1095 977 1536 1040 tabernaculum
1576 977 1734 1057 regis
1763 976 2111 1039 Aristander
2149 998 2355 1040 occur-

258 1074 435 1140 rerat,
478 1057 663 1129 tristia
688 1073 818 1126 exta
847 1064 1031 1127 fuisse
1058 1063 1424 1143 significans:
1471 1062 1620 1125 haec
1643 1081 1716 1125 ex
1741 1072 1872 1125 vate
1900 1072 2208 1144 comperta
2229 1066 2354 1127 Eri-

154 1156 237 1218 23
260 1152 425 1231 gyius
458 1151 797 1214 nunciabat.
866 1150 999 1223 Quo
1036 1149 1286 1213 inhibito
1312 1150 1646 1211 Alexander
1706 1168 1828 1211 non
1861 1150 1944 1211 ira
1983 1151 2200 1225 solum,
2247 1153 2354 1211 sed

258 1238 430 1299 etiam
463 1238 695 1317 pudore
721 1236 1027 1309 confusuS,
1056 1236 1216 1315 quod
1245 1235 1609 1317 superstitio,
1645 1252 1821 1315 quam
1843 1237 2156 1311 celaverat,
2183 1198 2356 1297 'dete-
2399 1283 2401 1307 ,

152 1328 237 1390 ’24
258 1324 519 1403 gebatur,
570 1324 982 1385 Aristandrum
1008 1322 1202 1383 vocari
1226 1321 1410 1382 iubet.
1477 1320 1592 1395 Qui
1616 1329 1682 1383 ut
1707 1321 1880 1396 venit,
1925 1322 2164 1385 intuens
2197 1342 2352 1395 eum,

256 1410 389 1472 Non
414 1428 537 1484 rex,
565 1409 774 1489 inquit,
806 1410 915 1472 sed
934 1407 1195 1488 privatus
1225 1426 1379 1469 sum.
1425 1407 1786 1469 Sacrificium
1814 1415 1880 1469 ut
1905 1409 2153 1483 facereS,
2185 1428 2350 1470 man-

142 1510 149 1533 ¹
258 1496 418 1572 davi;
450 1496 591 1577 quid
612 1515 684 1557 eo
704 1495 1179 1576 portenderetur,
1210 1513 1316 1555 cur
1333 1493 1492 1575 apud
1516 1492 1694 1555 alium
1719 1512 1895 1573 quam
1913 1495 2073 1574 apud
2099 1512 2200 1557 me
2217 1515 2352 1576 pro-

255 1584 447 1643 fessus
469 1601 532 1643 es
547 1579 581 1641 ’.Ρ
625 1581 892 1663 Erigyius
920 1598 1134 1642 arcana
1162 1598 1296 1642 mea
1321 1588 1380 1640 et
1401 1589 1630 1642 secreta
1654 1588 1714 1641 te
1737 1579 2032 1660 prodente
2055 1584 2348 1661 cognovit.

256 1670 450 1741 Quem
478 1676 700 1729 certum
720 1664 1055 1729 mehercule
1077 1665 1272 1727 habeo
1298 1680 1564 1727 extorum
1589 1666 1914 1747 interprete
1932 1667 2017 1728 uti
2034 1676 2205 1729 metu
2231 1688 2347 1731 suo.

140 1758 235 1819 25
256 1753 390 1815 Tibi
420 1762 616 1849 autem
647 1752 919 1832 quietiuS,
966 1771 1140 1831 quam
1170 1760 1390 1857 potest,-
1430 1752 1745 1826 denuncio,
1791 1751 1906 1833 ipsi
1935 1752 2082 1813 mihi
2108 1751 2344 1853 indices

153 1929 237 1991 26
255 1924 361 1986 Ille
388 1924 704 2003 exsanguis
732 1923 1099 2004 attonitoque
1126 1912 1331 1984 similis
1359 1922 1567 1998 stabat,
1617 1942 1728 2004 per
1751 1930 1973 1987 metum
2001 1924 2187 1988 etiam
2215 1947 2343 1989 voce
2397 1985 2399 2008 ᾗ

256 2028 608 2090 suppressa:
660 2010 1019 2102 tandemque
1062 2008 1273 2072 eodem'
1311 2017 1472 2071 metu
1511 2009 1876 2085 stimulante,
1921 2030 1998 2072 ne
2041 2013 2213 2111 regis
2257 2033 2343 2074 ex·
2397 2042 2399 2056 ·

255 2097 680 2180 spectationem
706 2089 1056 2170 moraretur,
1084 2095 1298 2176 Magni,
1324 2095 1528 2178 inquit,
1555 2096 1794 2172 laboris,
1821 2117 1944 2158 non
1966 2097 2122 2160 irriti
2145 2100 2344 2161 discri-

117 2196 132 2211 “
252 2201 394 2244 men
419 2182 641 2244 instare
670 2183 963 2263 praedixi.
990 2201 1103 2244 nec
1129 2200 1224 2242 me
1245 2200 1340 2242 ars
1367 2199 1498 2242 mea
1527 2200 1703 2261 quam
1730 2183 2143 2246 benevolentia
2167 2187 2344 2266 magis

136 2277 237 2341 -27
256 2268 581 2350 perturbat.
645 2268 1051 2332 Infirmitatem
1088 2267 1438 2330 valetudinis
1476 2275 1610 2329 tuae
1641 2268 1832 2344 video,
1882 2275 1940 2330 et
1975 2273 2344 2350 quantumin

253 2374 374 2417 uno
402 2364 457 2415 te
480 2356 554 2416 sit
580 2354 723 2417 scio.
768 2353 1007 2429 Vereor,
1040 2373 1115 2415 ne
1138 2355 1441 2434 praesenti
1465 2355 1734 2416 fortunae
1757 2365 1894 2417 tuae
1920 2357 2208 2419 sufficere
2236 2375 2344 2420 non

150 2448 235 2510 28
252 2441 471 2521 possiS.
533 2442 657 2501 Rex
681 2441 907 2504 iussum
936 2441 1238 2503 confidere
1268 2439 1523 2502 felicitati
1550 2459 1692 2502 suae
1716 2440 1960 2504 remisit.
2033 2443 2165 2504 Sibi
2199 2445 2343 2505 enim

149 2532 233 2593 29
254 2526 329 2586 ad
355 2526 465 2586 alia
485 2527 732 2604 gloriam
757 2527 1086 2590 concedere
1108 2527 1276 2588 deos.
1322 2525 1690 2588 Consultanti
1713 2528 1927 2589 deinde
1952 2546 2091 2590 cum
2113 2529 2341 2602 iisdem,

254 2629 513 2690 quonam
558 2613 739 2674 modo
778 2613 999 2675 flumen
1043 2613 1378 2684 transirent,
1425 2614 1766 2691 supervenit
1807 2613 2180 2692 Aristander,
2233 2635 2340 2678 non

136 2690 147 2742 ἱ
252 2696 395 2758 alias
432 2697 673 2758 laetiora
711 2706 841 2759 exta
883 2698 1103 2760 vidisse
1138 2717 1202 2760 se
1235 2698 1552 2772 affirmanS,
1605 2699 1806 2779 utique
1841 2700 2146 2780 prioribus
2173 2703 2341 2781 longe

254 2780 517 2844 diversa:
560 2791 685 2845 tum
726 2783 1132 2847 sollicitudinis
1178 2801 1417 2847 caussas
1459 2786 1836 2864 apparuisse,
1888 2803 2050 2849 nunc
2097 2807 2341 2870 prorsus

254 2867 489 2948 egregie
524 2867 748 2931 litatum
794 2887 948 2932 esse

150 2962 242 3026 30
386 2954 659 3017 Ceterum
676 2975 837 3056 'quae
865 2952 1117 3019 subinde
1144 2955 1418 3016 nunciata
1455 2964 1596 3016 sunt
1625 2956 1771 3036 regi,
1816 2956 2136 3019 continuae
2166 2958 2340 3020 felici-

148 3048 231 3112 31
252 3040 359 3102 tati
398 3058 601 3102 rerum
640 3042 764 3104 eius
803 3042 1215 3123 imposuerant
1251 3040 1464 3102 labem.
1545 3041 1993 3116 Menedemum,
2050 3051 2122 3104 ut
2165 3061 2340 3125 supra

252 3126 478 3190 dictum
504 3136 615 3202 est,
640 3129 881 3191 miserat
906 3128 980 3190 ad
1004 3125 1395 3189 obsidendum
1421 3127 1842 3208 Spitamenem,
1868 3129 2228 3192 Bactrianae
2251 3133 2338 3193 de-

250 3213 523 3276 fectionis
542 3224 864 3279 auctorem.
909 3213 1024 3288 Qui
1043 3222 1346 3294 comperto
1365 3213 1556 3276 hostis
1573 3215 1849 3290 adventu,
1869 3235 1948 3278 ne
1966 3216 2162 3278 muris
2185 3217 2336 3280 urbis
2396 3287 2397 3290 Ἴ

249 3299 669 3378 includeretur,
713 3302 888 3365 simul
926 3301 1109 3362 fretus
1141 3295 1328 3378 excipi
1361 3319 1560 3382 posse,
1600 3320 1717 3382 qua
1746 3311 2060 3365 venturum
2099 3304 2338 3367 sciebat.
2396 3291 2397 3360 ἰ

151 3389 233 3452 32
254 3387 527 3450 consedit
562 3390 848 3453 occultus.
920 3386 1201 3448 Silvestre
1239 3383 1351 3447 iter
1383 3395 1584 3469 aptum
1617 3389 1850 3450 insidiis
1881 3389 2159 3468 tegendis
2195 3397 2340 3452 erat:

252 3473 335 3534 ibi
360 3475 555 3538 Dahas
581 3475 858 3540 condidit.
900 3473 1052 3554 Equi
1068 3471 1246 3534 binos
1271 3482 1526 3536 armatos
1549 3477 1787 3549 vehunt,
1813 3493 2064 3556 quorum
2089 3475 2340 3538 invicem

188 3581 199 3594 ·
254 3559 470 3640 singuli
510 3573 757 3647 repente
798 3561 1104 3626 desiliunt:
1152 3563 1442 3642 equestris
1485 3578 1722 3642 pugnae
1765 3561 2035 3624 ordinem
2077 3564 2340 3626 turbant.
