2417 3900
201 84 286 146 20
643 82 742 142 DE
789 80 1052 142 GESTIS
1096 81 1528 165 ALEXANDRI
1570 79 1811 142 MAGNI

195 199 452 284 ptissimi
475 208 672 260 tamen
699 198 856 260 caesi
880 205 1042 260 sunt:
1083 201 1236 262 inter
1263 219 1412 279 quos
1431 200 1744 260 Alexandri
1772 199 2045 260 dextrum
2072 199 2273 261 femur

99 287 178 350 11
196 289 402 353 leviter
425 303 709 346 mucrone
735 284 1110 364 perstrictum
1139 294 1247 347 est.
1292 287 1535 366 Iamque
1564 285 1661 366 qui
1686 287 1941 346 Dareum
1970 284 2271 347 vehebant

200 373 336 455 equi
373 371 636 435 confossi
671 371 854 432 hastis
893 379 952 432 et
986 371 1192 433 dolore
1220 373 1485 434 efferati
1469 389 1672 450 iugum
1698 382 1940 451 quatere
1973 379 2032 432 et
2059 389 2271 450 regem

200 478 376 524 curru
401 467 673 520 excutere
697 467 1033 536 coeperant,
1061 477 1245 538 quum
1268 459 1365 519 ille
1387 460 1623 530 veritus,
1655 477 1731 518 ne
1757 458 1921 519 vivus
1951 458 2179 519 veniret
2204 458 2271 519 in

197 545 459 610 hostium
481 551 848 624 potestatem,
877 543 1073 606 desilit
1097 553 1156 605 et
1179 545 1241 605 in
1266 563 1501 642 equum,
1531 544 1629 624 qui
1654 544 1729 605 ad
1752 545 1869 605 hoc
1887 545 2271 622 sequebatur,

198 631 540 712 imponitur,
565 630 898 708 insignibus
926 649 1160 722 quoque
1181 631 1427 710 imperii,
1468 649 1545 692 ne
1570 632 1767 708 fugam
1794 630 2135 710 proderent,
2172 631 2283 691 in-

100 717 180 782 12
203 720 420 780 decore
447 716 708 778 abiectis.
753 716 903 776 Tum
928 735 1068 778 vero
1095 718 1274 778 ceteri
1300 717 1662 796 dissipantur
1686 726 1846 778 metu
1872 725 1957 788 et,
2000 736 2112 796 qua
2142 717 2274 778 cui-

203 823 318 885 que
333 803 411 864 ad
427 804 642 880 fugam
646 801 882 882 patebat
899 803 1004 877 via,
1031 811 1365 882 erumpunt,
1393 821 1554 863 arma
1570 802 1868 877 iacientes
1898 819 2046 882 quae
2068 803 2272 882 paullo

201 898 340 952 ante
365 889 440 949 ad
460 888 701 950 tutelam
726 907 1039 967 corporum
1067 898 1475 968 sumpserant:
1522 890 1667 949 adeo
1696 907 1881 968 pavor
1906 890 2078 950 etiam
2102 889 2274 949 auxi-

102 973 278 1039 l3lia
309 973 600 1036 formidat.
644 973 908 1036 Instabat
933 975 1315 1054 fugienti-bus
1322 993 1505 1056 eques
1544 993 1579 1035 a
1607 973 1994 1036 Parmenione
2030 975 2273 1048 missus',

203 1070 262 1125 et
283 1063 438 1124 forte
459 1060 522 1122 in
547 1059 690 1122 illud
717 1079 904 1122 cornu
927 1079 1138 1123 omnes
1164 1063 1303 1140 fuga
1326 1057 1665 1123 abstulerat.
1750 1103 1758 1109 -

327 1147 402 1208 At
421 1145 482 1206 in
505 1145 711 1209 dextro
729 1145 950 1208 Persae
971 1148 1285 1209 Thessalos
1310 1147 1535 1226 equites
1556 1147 1939 1209 vehementer
1960 1143 2272 1222 urgebant.

107 1237 184 1299 14
201 1233 444 1313 lamque
486 1251 602 1292 una
648 1233 737 1300 ala
778 1233 912 1310 ipso
945 1233 1168 1314 impetu
1203 1235 1538 1312 proculcata
1574 1241 1729 1306 erat,
1779 1249 1957 1312 quum
1996 1229 2276 1291 Thessali

203 1326 443 1380 strenue
483 1317 849 1379 circumactis
892 1320 1056 1398 equis
1107 1319 1316 1399 dilapsi
1350 1337 1557 1380 rursus
1592 1321 1652 1380 in
1690 1317 1979 1398 proelium
2018 1319 2277 1377 redeunt

205 1421 565 1485 sparsosque
615 1413 672 1464 et
712 1404 1144 1483 incompositos
1173 1405 1451 1467 victoriae
1480 1405 1692 1467 fiducia
1723 1403 2014 1465 barbaros
2046 1402 2276 1480 ingenti

106 1492 186 1554 15
205 1490 384 1552 caede
427 1497 832 1580 prosternunt.
901 1491 1052 1570 Equi
1097 1491 1316 1571 pariter
1363 1493 1710 1589 equitesque
1754 1489 2069 1552 Persarum
2118 1487 2275 1548 serie

207 1571 553 1647 laminarum
573 1593 778 1672 graves
796 1594 1025 1654 agmen,
1050 1578 1209 1656 quod
1236 1578 1529 1638 celeritate
1547 1577 1798 1638 maxime
1821 1583 2069 1648 constat,
2096 1589 2277 1652 aegre

208 1661 626 1722 moliebantur:
671 1661 891 1742 quippe
917 1660 980 1722 in
1003 1663 1472 1740 circumagendis
1498 1663 1663 1742 equis
1686 1663 1809 1724 suis
1828 1622 2095 1722 Thessali
2120 1659 2276 1721 mul-

108 1751 195 1816 16
209 1754 300 1808 tos
323 1755 774 1826 occupaverant.
809 1749 932 1807 Hac
957 1756 1071 1807 tam
1101 1765 1389 1827 prospera
1414 1767 1611 1829 pugna
1634 1749 1909 1810 nunciata
1922 1747 2275 1819 Alexander,

207 1851 328 1894 non
356 1839 493 1892 ante
517 1849 694 1892 ausus
721 1833 999 1910 persequi
1027 1834 1334 1909 barbaroS‚
1368 1835 1662 1914 utrimque
1692 1835 1809 1894 iam
1838 1834 2023 1895 v‘ictor
2048 1834 2275 1894 instare

108 1923 190 1987 17
207 1917 564 1998 fugientibus
605 1917 816 1997 coepit.
869 1919 1040 1980 Haud
1080 1919 1331 1999 amplius
1378 1939 1581 1999 regem
1629 1939 1805 2000 quam
1844 1919 2001 1981 mille
2042 1919 2271 2017 equites

207 2003 622 2085 sequebantur,
650 2023 832 2082 quum
851 2005 1061 2084 ingens
1086 2008 1398 2067 multitudo
1419 2008 1679 2068 hostitim
1699 2008 1957 2068 caderet.
2000 2007 2119 2067 Sed
2142 2006 2274 2085 quis

207 2099 308 2152 aut
341 2090 402 2151 in
430 2089 670 2151 victoria
709 2100 808 2152 aut
843 2091 905 2151 in
939 2093 1075 2169 fuga
1113 2093 1313 2182 copias
1342 2088 1663 2155 numerat?
1703 2094 2043 2171 Agebantur
2072 2110 2212 2169 ergo
2241 2108 2276 2150 a

208 2185 328 2238 tam
355 2176 557 2255 paucis
583 2194 866 2254 pecorum
893 2178 1093 2252 modo,
1134 2190 1190 2239 et
1216 2179 1373 2239 idem
1398 2189 1611 2251 ιιιθιιιε,
1653 2180 1752 2257 qui
1780 2178 2026 2256 cogebat
2052 2178 2275 2255 fugere,

111 2272 192 2334 18
210 2262 500 2341 fugientes
525 2262 882 2323 morabatur.
926 2266 998 2323 At
1025 2226 1250 2337 Graeci,
1278 2266 1462 2343 quiin
1487 2266 1658 2325 Darei
1681 2265 1947 2345 partibus
1974 2272 2275 2335 steterant,

211 2350 459 2427 Amynta·
481 2348 630 2410 duce
655 2348 922 2427 (praetor
945 2350 1043 2409 hic
1059 2351 1373 2411 Alexandri
1401 2353 1609 2421 suerat,
1644 2360 1787 2411 tunc
1810 2349 2138 2429 transfuga)
2169 2348 2275 2409 ab-

111 2440 194 2503 19
209 2432 368 2511 rupti
393 2451 425 2493 a
453 2433 662 2493 ceteris
686 2434 843 2494 haud
867 2453 1011 2495 sane
1033 2436 1390 2513 fugientibus
1418 2436 1639 2497 similes
1660 2445 1982 2496 evaserant.
2028 2434 2272 2495 Barbari

210 2520 387 2596 longe
411 2518 702 2578 diversam
726 2521 922 2597 fugam
950 2521 1349 2593 intenderunt,
1390 2523 1479 2581 alii
1513 2541 1628 2601 qua
1653 2530 1880 2582 rectum
1906 2520 2019 2582 iter
2047 2523 2107 2581 in
2129 2520 2273 2581 Per-

213 2604 402 2665 sidem
419 2604 688 2676 ducebat,
710 2604 948 2682 quidam
973 2604 1218 2667 circuitu
1241 2624 1420 2686 rupes
1448 2610 1744 2716 saltusque
1764 2608 2055 2669 montium
2078 2607 2277 2667 occul-

215 2698 309 2749 tos
327 2689 614 2787 petivere,
663 2690 833 2767 pauci
861 2699 1050 2751 castra
1078 2691 1269 2753 Darei.
2004 2724 2011 2729 ·

111 2779 195 2842 20
343 2775 508 2835 Sed
493 2794 608 2836 iam
632 2776 728 2837 illa
757 2794 990 2855 quoque
1015 2776 1245 2855 [hostis]
1285 2779 1473 2839 victor
1502 2777 1819 2839 intraverat
1848 2779 2011 2840 omni
2037 2777 2275 2857 quidem

215 2860 514 2939 opulentia
537 2861 694 2923 ditia.
739 2861 956 2939 Ingens
984 2864 1111 2923 auri
1139 2864 1485 2943 argentique
1509 2864 1766 2942 pondus,
1816 2882 1936 2925 non
1970 2863 2125 2936 belli,
2170 2864 2277 2923 sed

213 2946 478 3007 luxuriae
503 2956 864 3036 apparatum,
913 2946 1274 3029 diripuerant
1298 2950 1531 3012 milites,
1595 2950 1911 3031 Quumque
1940 2950 2072 3029 plus
2100 2967 2279 3047 rape-

212 3040 374 3105 rent,
421 3033 642 3111 passim
688 3041 865 3096 strata
919 3046 1086 3097 erant
1131 3036 1343 3097 itinera
1386 3035 1684 3097 vilioribus
1721 3036 1989 3110 sarcinis,
2036 3053 2180 3115 quas
2214 3034 2279 3095 ιιι

113 3127 196 3190 21
217 3119 656 3198 comparatione
703 3120 1014 3182 meliorum
1067 3122 1303 3183 avaritia
1358 3130 1811 3201 contempserat.
1903 3122 2144 3201 Iamque
2199 3120 2273 3180 ad

215 3206 466 3267 feminas
505 3214 852 3285 perventum
888 3215 1029 3282 erat,
1075 3208 1289 3287 quibus
1319 3227 1433 3288 quo
1469 3208 1691 3269 cariora
1730 3216 2076 3270 ornamenta
2118 3216 2275 3276 sunt,

137 3320 143 3326 ·
215 3290 530 3353 violentius
551 3292 1028 3367 detrahebantur,
1075 3312 1188 3357 nec
1228 3294 1577 3374 corporibus
1607 3294 1844 3372 quidem
1881 3295 1965 3355 vis
1995 3313 2063 3354 ac
2092 3292 2273 3353 libido

115 3380 200 3445 22
217 3378 516 3458 parcebat.
578 3379 788 3441 Omnia
828 3380 1065 3459 planctu
1112 3380 1515 3459 tumultuque,
1565 3388 1745 3460 prout
1789 3380 1995 3459 cuique
2044 3380 2276 3441 fortuna

221 3472 362 3539 erat,
407 3474 600 3527 castra
625 3466 1009 3547 repleverant,
1056 3486 1171 3528 nec
1189 3466 1305 3527 ulla
1322 3464 1509 3529 'facies
1536 3464 1667 3527 mali
1692 3466 1913 3539 deerat,
1961 3484 2139 3545 quum
2163 3482 2273 3544 per

223 3567 432 3613 omnes
455 3552 695 3617 ordines
728 3562 1066 3633 aetatesque
1091 3551 1327 3614 victoris
1368 3552 1682 3615 crudelitas
1718 3570 1789 3613 ac
1826 3552 2058 3613 licentia
2096 3568 2273 3629 vaga-

2328 3712 2337 3743 t
2413 3684 2414 3719 l
