2417 3900
604 112 747 178 Lm.
790 114 859 178 v.
904 112 1067 193 (ιιι.)
1110 114 1270 177 ω).
1313 115 1389 177 x.
1437 113 1686 177 1--15.
2097 108 2188 173 a?

125 231 397 305 amicitiae
421 233 663 313 gradum
688 238 898 311 patere
920 230 1080 310 apud
1098 212 1319 309 regem.
1363 234 1452 295 llli
1468 235 1854 297 lacrimantes
1862 248 2020 293 nunc
2031 248 2187 313 pur·
2209 229 2292 292 11

126 339 253 400 gare
290 338 375 395 se,
412 338 572 381 nunc
605 313 961 380 Artabazum
996 334 1187 389 orare,
1227 324 1292 377 ut
1323 316 1588 383 caussam
1625 320 1896 399 ipsorum
1928 326 2190 380 tueretur

118 424 436 487 precesque
472 405 785 484 perferret.
836 402 936 465 Sic
974 410 1211 481 peracta
1239 413 1412 465 nocte
1443 408 1554 469 sub
1585 407 1734 469 lucis
1769 412 2037 465 exortum
2069 405 2190 467 Na·
2211 398 2294 462 12

116 493 397 555 barzanes
420 510 555 553 cum
574 487 899 551 Bactrianis
926 488 1205 550 militibus
1229 488 1594 553 investibulo
1621 490 1904 571 praetorii
1929 490 2192 564 aderant,

115 579 347 641 titulum
387 575 692 639 sollemnis
737 574 913 638 officii
956 576 1185 637 occissto
1231 576 1442 637 sceleri
1480 581 1902 656 praeferentes.
1971 574 2231 635 Dareus·
2345 586 2360 611 ⁸

116 665 286 743 signo
308 664 384 725 ad
407 662 665 733 eundum
690 659 825 722 dato
850 675 1083 724 currum
1101 660 1357 740 pristino
1375 676 1548 724 mere
1565 662 1931 725 conscendit.
1967 661 2196 723 Nahars
2219 662 2301 725 13

115 760 299 811 zanes
320 748 615 827 ceterique
628 746 947 826 parricidae
962 748 1424 827 procumbentes
1447 750 1628 824 humi,
1649 768 1826 829 quem
1843 748 2041 827 paullo
2060 754 2204 826 post

118 836 181 897 in
222 834 469 895 vinculis
496 833 750 895 habituri
785 842 971 907 erant,
1004 832 1342 897 sustinuere
1373 836 1667 911 venerari,
1709 836 1980 900 lacrimas
2023 833 2200 895 etiam

19 942 21 995 ς
116 920 510 1002 poenitentiae
532 920 756 981 indices
778 920 1209 999 profuderunt:
1235 922 1384 983 adeo
1407 922 1689 985 humanis
1712 920 1967 1001 ingeniis
1993 927 2199 1007 parata

115 1006 409 1069 simulatio
435 1015 542 1067 est.
569 1007 793 1076 Preces:
806 1005 1027 1068 deinde
1048 1008 1394 1088 suppliciter
1415 1010 1692 1071 admotae
1707 1010 1961 1075 Dareum
1985 1009 2199 1068 natura
2218 1006 2308 1069 14

114 1092 437 1173 simplicem
475 1101 532 1153 et
568 1093 767 1156 mitem
802 1111 928 1154 non
955 1090 1201 1157 credere
1234 1096 1434 1170 modo,
1473 1115 1627 1176 quae
1659 1094 2050 1165 affirmabant,
2087 1091 2198 1153 sed
2349 1089 2355 1095 ’

112 1182 255 1241 flere
284 1180 455 1241 etiam
486 1186 825 1257 coegerunt.
870 1184 956 1239 Ac
980 1196 1057 1240 ne
1083 1189 1211 1241 tum
1247 1180 1483 1259 quidem
1515 1180 1752 1259 cogitati
1779 1177 2022 1240 sceleris
2050 1192 2199 1256 poe·-
2223 1178 2306 1241 15

112 1265 300 1339 nituit,
342 1284 521 1344 quum
551 1266 945 1335 intuerentur,
986 1265 1219 1342 qualem
1255 1276 1314 1327 et
1349 1284 1553 1343 regem
1591 1274 1651 1326 et
1685 1265 1874 1327 virum
1915 1262 2202 1325 fallerent.

112 1352 211 1413 Ille
238 1352 477 1431 quidem
511 1366 763 1412 securus
798 1348 1063 1429 periculi,
1107 1350 1268 1429 quod
1301 1350 1578 1425 instabat,
1615 1347 1934 1411 Alexandri
1967 1364 2202 1423 manus,

112 1458 259 1518 quas
286 1438 447 1499 solas
474 1434 735 1507 timebat,
762 1435 1022 1510 effugere
1046 1435 1432 1513 properabat.
1738 1470 1748 1476 κ

243 1523 289 1584 C
308 1540 412 1600 ap.
442 1520 541 1581 XI.
588 1521 813 1585 Patron
836 1527 1055 1592 autem,
1082 1518 1444 1581 Graecorum
1473 1521 1612 1592 dux,
1638 1517 1944 1597 praecepit
1971 1516 2112 1591 suis,
2139 1524 2206 1578 ut
2227 1518 2265 1580 l

111 1627 299 1682 arma,
326 1624 479 1685 quae
506 1605 571 1667 in
601 1604 849 1675 sarcinis
868 1613 1041 1667 antea
1062 1606 1426 1682 ferebantur,
1448 1604 1764 1666 induerent
1791 1602 1864 1665 ad
1891 1620 2070 1687 omne
2090 1602 2206 1663 im·-

112 1694 351 1775 perium
382 1710 558 1755 suum
588 1690 779 1771 parati
813 1699 873 1753 et
906 1690 1135 1755 intenti.
1196 1691 1338 1772 lpse
1365 1710 1604 1755 currum
1635 1690 1792 1769 regis
1828 1690 2207 1772 sequebatur,
2227 1697 2269 1759 2

120 1779 425 1843 occasioni
448 1778 762 1841 imminens
784 1778 1123 1857 alloquendi
1146 1798 1317 1841 eum:
1346 1779 1566 1861 quippe
1583 1777 1755 1839 Bessi
1775 1776 2004 1839 facinus
2031 1794 2210 1856 prae-

114 1873 409 1929 senserat.
466 1864 587 1927 Sed
616 1864 857 1940 Bessus,
892 1864 957 1927 id
991 1864 1189 1945 ipsum
1229 1876 1522 1940 metuens,
1559 1872 1762 1927 custos
1795 1863 1992 1926 verius
2030 1880 2210 1944 quam
2261 1899 2273 1905 ι

114 1972 337 2029 comeS,
371 1971 405 2014 a
438 1971 632 2017 curru.
652 1971 774 2014 non
808 1953 1142 2016 recedebat.-
1206 1954 1323 2016 Diu
1361 1973 1504 2033 ergo
1536 1953 1758 2016 Patron
1797 1961 2106 2014 cunctatus
2139 1969 2210 2012 ac
2227 1955 2270 2019 3

112 2040 353 2120 saepius
386 2056 671 2103 sermone
691 2047 1023 2112 revocatus,
1065 2039 1224 2102 inter
1255 2041 1435 2102 fidem
1473 2039 1864 2116 timoremque
1889 2037 2211 2107 haesitanS,

112 2144 315 2206 regem
345 2125 703 2186 intuebatur.
748 2124 864 2196 Qui
888 2133 955 2186 ut
982 2126 1226 2186 tandem
1249 2125 1500 2186 advertit
1521 2125 1750 2196 oculos,
1769 2123 2046 2182 Bubacen
2072 2139 2212 2200 spa—
2229 2129 2275 2188 4
2315 2200 2320 2207 ·

115 2213 336 2274 donem
354 2211 512 2272 inter
530 2209 835 2288 proximos
856 2226 1096 2272 currum
1116 2217 1468 2289 sequentem
1483 2207 1824 2288 percontari
1841 2205 2023 2279 iubet,
2039 2221 2228 2265 num--

112 2298 263 2378 quid
299 2295 420 2374 ipsi
463 2293 604 2354 velit
644 2293 860 2356 dicere.
927 2294 1168 2368 Patron,
1208 2312 1277 2354 se
1323 2305 1486 2368 vero,
1531 2293 1638 2353 sed
1681 2290 1926 2353 remotis
1959 2289 2213 2363 arbitris,

112 2380 285 2463 loqui
322 2379 475 2442 velle
504 2397 636 2440 cum
668 2397 739 2440 00
774 2378 1105 2458 respondit.
1148 2378 1469 2459 Iussusque
1499 2377 1748 2457 propius
1775 2375 2058 2436 accedere
2085 2372 2213 2436 sine
2234 2384 2274 2442 5

113 2470 469 2546 interprete,
504 2483 641 2527 nam
678 2464 838 2528 haud
867 2463 1035 2526 rudis
1064 2464 1324 2526 Graecae
1359 2465 1600 2544 linguae
1621 2461 1849 2526 Dareus
1881 2471 2031 2537 erat,
2067 2463 2215 2536 Rex,

116 2554 333 2636 inquit,
358 2571 430 2613 ex
454 2571 491 2614 1.
518 2551 757 2614 milibus
778 2551 1146 2615 Graecorum
1164 2567 1556 2631 supersumus
1581 2550 1772 2632 pauci,
1801 2549 1994 2612 omnis
2019 2550 2212 2618 fortu—

120 2651 239 2706 n‘ae
268 2639 697 2713 tuaecomites,
734 2646 795 2699 et
822 2637 885 2700 in
914 2637 1033 2703 hec
1065 2647 1169 2700 tuo
1184 2645 1353 2700 ‚statu
1381 2637 1582 2714 iidem,
1611 2636 1712 2718 qui
1737 2637 1988 2700 florente
2014 2647 2072 2698 te
2099 2636 2216 2698 fni—

118 2747 279 2800 mm,
306 2743 695 2808 quascunque
717 2733 909 2788 terras
934 2724 1205 2803 elegeris,
1228 2744 1338 2805 pro
1363 2725 1552 2806 patria
1581 2733 1642 2786 et
1665 2723 2008 2787 domesticis
2027 2725 2216 2786 rebus

122 2812 384 2894 petituri.
432 2812 743 2874 Secundae
768 2811 1169 2892 adversaeque
1193 2831 1292 2874 res
1321 2820 1456 2875 tuae
1482 2811 1834 2892 copulavere
1859 2828 1972 2872 nos
1998 2820 2213 2874 tecum.

120 2901 240 2962 Per
271 2899 429 2960 banc
457 2899 640 2962 fidem
660 2898 939 2962 invictam
965 2909 1075 2960 oro
1113 2906 1173 2960 et
1206 2898 1490 2973 obtestor,
1527 2899 1590 2961 in
1617 2898 1840 2960 nostris
1867 2899 2076 2961 castris
2107 2893 2215 2959 tihi
2233 2904 2278 2964 6

124 2985 571 3047 tabernaculum
590 3051 595 3057 ‚
614 2993 836 3048 statue:
878 3002 993 3046 nos
1036 2984 1304 3066 corporis
1340 2985 1426 3047 tui
1467 2985 1749 3048 custodes
1783 3003 1920 3047 esse
1949 2984 2215 3066 patiaris.

128 3070 451 3134 Omisimus
480 3072 803 3146 Graeciam,
828 3071 989 3135 nulla
1013 3069 1226 3134 Bactra
1253 3081 1396 3138 sunt
1423 3071 1630 3148 nobis:
1669 3089 1812 3152 spes
1837 3073 2029 3134 omnis
2051 3071 2113 3130 in
2133 3074 2216 3138 te,

130 3159 359 3220 utinam
396 3166 454 3220 et
483 3157 549 3220 in
582 3157 791 3222 ceteris
830 3165 1005 3220 esset.
1068 3158 1250 3222 Plura
1282 3159 1398 3222 dici
1432 3177 1556 3220 non
1590 3157 1816 3222 attinet.
1878 3152 2218 3220 Custodiam

130 3243 401 3324 corporis
430 3244 518 3306 tui
545 3254 823 3306 externus
856 3254 918 3305 et
954 3242 1286 3324 alienigena
1314 3265 1440 3308 non
1475 3244 1883 3325 deposcerem,
1921 3241 1974 3302 si
2009 3235 2218 3298 crede-

128 3349 259 3392 rem
284 3329 465 3393 alium
488 3348 670 3407 posse
698 3337 1023 3409 praestare.
1471 3373 1476 3380 .

262 3416 489 3477 Bessus
518 3433 871 3493 quamquam
892 3422 1021 3477 erat
1040 3413 1254 3477 Graeci
1274 3413 1574 3474 sermonis
1599 3413 1863 3490 ignarus,
1885 3418 2086 3466 tamen
2109 3403 2218 3462 sti-
2235 3399 2282 3460 ’Τ

139 3501 403 3562 mulante
431 3493 793 3562 conscientia
822 3499 1103 3560 indicium
1127 3499 1396 3579 profecto
1422 3489 2058 3559 Patrenemdetulisse
2087 3503 2220 3581 cre-

144 3587 351 3652 debat:
392 3595 451 3650 et
474 3586 823 3666 -interpretis
850 3583 1059 3646 Graeci
1090 3585 1278 3662 relato
1317 3598 1594 3645 sermone
1627 3577 1900 3648 exempta
1936 3567 2223 3630 dubitatio
