2417 3900
269 8 409 132 148¹
698 65 821 135 ,on
868 63 1127 125 casus
1168 24 1598 125 AtnxiNnffl
1637 59 1878 123 mem

264 190 652 249 vastaverunt.
718 183 805 245 Ad
835 200 987 261 quos
1020 180 1381 257 coercendos
1410 180 1654 251 Attinas,
1701 177 1962 275 regionis
1994 166 2350 257 eius'prae‘-

266 275 471 344 fectuS,
492 289 599 331 esc
624 268 867 347 equites,
884 266 1246 339 insidiarum,
1266 282 1416 343 quae
1438 265 1809 344 parabantur,
1831 264 2094 360 ignaruS,
2109 264 2344 327 eduxit-

207 358 527 435 4Namque
550 353 779 417 hostis
762 372 823 414 ιιι
853 352 1029 424 silviS,
1068 370 1219 431 quae
1241 360 1408 411 eraut
1440 353 1589 411 forte
1624 368 1831 429 campo
1857 348 2112 420 iunctae,
2144 367 2344 409 arma·
2361 362 2370 373 ·

264 452 389 505 tum
415 442 653 502 militem
681 422 957 509 condidit,
984 439 1183 516 paucis
1208 436 1668 515 propellentibus
1681 452 1928 533 pecora,
1957 443 2024 497 ut
2049 434 2340 514 improvi-

152 549 157 553 ·
208 538 245 597 5
266 530 403 591 dum
428 528 501 587 ad
528 523 770 586 insidias
800 523 1017 603 praeda
1044 524 1410 601 perduceret.
1455 520 1653 599 ltaque
1677 520 2074 605 incomposito
2098 520 2336 599 agmine

262 613 587 691 solutisque
632 610 939 671 ordinibus
970 610 1197 669 Attinas
1239 607 1693 687 praedabundus
1727 596 2116 685 sequebatur,
2165 626 2335 685 quem

261 708 764 779 praetergressum
808 694 1037 767 silvam,
1080 694 1179 773 qui
1220 692 1281 755 in
1325 709 1392 753 ea
1433 692 1853 765 consederant,
1898 709 1970 752 ex
2009 689 2330 769 improviso

204 789 245 849 6
262 784 451 845 adorti
478 800 609 843 cum
634 778 910 842 omnibus
943 780 1384 839 interemerunt.
1429 776 1706 837 Celeriter
1729 777 1801 837 ad
1829 778 2139 838 Craterum
2167 778 2328 838 huius

262 868 441 929 cladis
469 868 621 927 sama
649 865 865 944 perlata
894 872 1015 938 est,
1062 864 1159 944 qui
1186 881 1318 924 cum
1353 862 1514 923 omni
1547 862 1802 941 equitatu
1833 862 2204 941 supervenit.
2267 863 2328 923 Et

252 950 619 1030 'Massagetae
651 947 932 1029 quidem
916 967 1029 1010 iam
1055 949 1410 1027 refugerant,
1457 948 1652 1010 Dahae
1689 948 1844 1008 mille
1877 947 2156 1027 oppressi
2183 956 2326 1019 sunt,

202 1040 244 1102 7
261 1055 509 1119 quorum
534 1035 697 1097 clade
720 1034 899 1096 totius
921 1034 1179 1115 regionis
1205 1033 1364 1095 finita
1392 1034 1642 1095 desectio
1673 1042 1782 1094 est.
1825 1032 2159 1095 Alexander
2181 1052 2324 1111 quo-

260 1142 377 1203 que
414 1119 726 1203 Sogdianis
758 1138 965 1181 rursus
1002 1118 1262 1181 subactis
1287 1119 1633 1181 Maracanda
1669 1118 1897 1215 repetit.
1965 1118 2054 1179 lbi
2086 1118 2326 1191 Ber-des,

260 1228 438 1306 quem
464 1208 535 1269 ad
565 1206 807 1303 Scythas
833 1224 1015 1285 super
1039 1206 1365 1285 Bosporum
1391 1206 1649 1265 colentes
1675 1204 1930 1275 miserat,
1965 1222 2098 1264 cum
2119 1204 2318 1281 legatis

204 1294 243 1355 8
262 1294 450 1375 gentis
468 1292 740 1355 occurrit.
783 1292 1252 1389 Phrataphernes
1273 1308 1531 1371 quoque,
1551 1290 1650 1373 qui
1669 1288 2026 1350 Chorasmiis
2045 1295 2323 1369 praeerat,

262 1378 605 1461 Massagetis
642 1386 700 1439 et
731 1377 905 1438 Dahis
935 1378 1240 1455 regionum
1277 1376 1526 1437 confinio
1559 1371 1886 1444 adiunctus,
1929 1374 2195 1447 miserat,
2239 1374 2326 1470 qui

203 1464 241 1527 9
262 1466 550 1527 facturum
575 1463 856 1542 imperata
880 1464 1310 1543 pollicerentur.
1353 1461 1604 1558 Scy-thee
1631 1462 1928 1539 petebant,
1968 1469 2034 1522 ut
2061 1460 2224 1539 regis
2247 1457 2326 1521 sui

260 1549 437 1613 filiam
490 1548 859 1611 matrimonio
906 1547 1019 1609 sibi
1073 1548 1366 1625 iungeret:
1413 1546 1464 1607 si
1517 1545 1930 1625 dedignaretur
1971 1545 2321 1617 affinitatem,

260 1635 559 1715 principes
601 1634 988 1694 Macedonum
1032 1650 1161 1695 cum
1202 1632 1558 1711 primoribus
1607 1649 1748 1692 suae
1789 1630 1980 1709 gentis
2034 1630 2322 1692 connubio

263 1720 419 1781 coire
444 1725 769 1799 pateretur:
796 1718 989 1796 ipsum
1014 1735 1250 1795 quoque
1273 1736 1470 1795 regem
1499 1726 1802 1779 venturum
1827 1717 1900 1777 ad
1929 1734 2069 1777 eum
2095 1715 2321 1796 pollice·

164 1800 243 1861 10
258 1804 495 1865 bantur.
538 1803 795 1880 Utraque
816 1802 1107 1881 legatione
1133 1800 1386 1879 benigne
1409 1802 1604 1863 audita
1625 1800 2125 1883 Hephaestionem
2156 1811 2214 1863 et
2230 1802 2321 1862 Ar-

258 1888 527 1950 tabazum
555 1886 869 1968 opperiens
891 1890 1097 1947 stativa
1120 1886 1341 1962 habuit,
1381 1887 1592 1968 quibus
1613 1886 1942 1951 adiunctis
1923 1906 1984 1950 ιιι
2009 1888 2322 1968 regionem,

260 1992 410 2054 quae
434 1974 759 2056 appellatur
784 1973 1043 2039 Bazaira
1070 1972 1353 2071 pervenit.

164 2053 240 2116 11
386 2059 677 2120 Barbarae
704 2057 1033 2137 opulentiae
1070 2058 1131 2119 in
1165 2057 1278 2119 illis
1313 2056 1458 2120 locis
1489 2057 1650 2120 haud
1679 2058 1795 2120 ulla
1827 2066 1968 2118 sunt
1991 2059 2220 2120 maiora
2245 2059 2323 2120 in·

262 2143 441 2219 dicia,
486 2163 657 2226 quam
694 2145 921 2222 magnis
959 2144 1300 2206 nemoribus
1346 2144 1718 2222 saltibusque
1747 2143 2033 2203 nobilium
2081 2145 2322 2224 serarum

163 2231 243 2294 12
262 2247 469 2310 greges
490 2230 691 2292 clausi.
736 2230 1037 2309 Spatiosas
1055 2231 1129 2290 ad
1153 2231 1269 2290 hoc
1290 2228 1510 2308 eligunt
1527 2229 1717 2300 silvas,
1744 2229 1962 2289 crebris
1981 2229 2322 2308 perennium

262 2332 543 2395 aquarum
568 2315 826 2378 sontibus
852 2333 1159 2390 amoenas3
1185 2315 1370 2376 muris
1397 2333 1640 2376 nemora
1663 2311 1991 2390 cinguntur,
2019 2323 2320 2394 turresque

164 2401 241 2462 13
259 2401 478 2464 habent
504 2402 839 2464 venantium
865 2401 1246 2480 receptacula.
1293 2401 1578 2474 Quattuor
1606 2398 1896 2461 continuis
1925 2401 2214 2462 aetatibus
2239 2400 2322 2459 in-

259 2493 477 2549 tactum
498 2489 711 2549 saltum
730 2487 910 2551 fuisse
932 2486 1256 2549 constabat.
1305 2487 1490 2558 Quem
1519 2485 1844 2548 Alexander
1861 2504 1992 2545 cum
2017 2494 2146 2547 toto
2167 2503 2322 2546 exer-

127 2605 134 2612 ‚
166 2571 243 2630 14
264 2571 376 2633 citu
415 2571 719 2650 ingressus
756 2571 959 2650 agitari
994 2572 1253 2650 undique
1279 2571 1433 2632 feras
1459 2570 1646 2632 iussit.
1711 2571 1870 2630 Inter
1903 2589 2052 2649 quas
2075 2591 2212 2632 cum
2237 2571 2317 2631 leo

260 2656 679 2734 magnitudinis
698 2674 867 2717 rarae
897 2658 1089 2736 ipsum
1119 2675 1316 2736 regem
1335 2656 1643 2718 invasurus
1665 2656 2014 2728 incurreret,
2045 2657 2199 2716 forte
2221 2656 2321 2733 Ly-

262 2741 573 2810 simachus,
616 2741 715 2821 qui
740 2748 943 2820 postea
968 2741 1248 2820 regnavit,
1288 2743 1592 2820 proximus
1619 2741 1948 2803 Alexandro
1977 2742 2322 2802 venabulum

264 2825 515 2886 obiicere
543 2829 695 2888 ferae
722 2835 1013 2906 coeperat.
1080 2828 1211 2901 Quo
1246 2844 1350 2887 lex
1376 2829 1611 2907 repulso
1645 2837 1702 2888 et
1728 2826 1890 2887 abire
1914 2826 2079 2888 iusso
2101 2825 2321 2898 adiecit,

166 2905 243 2968 15
262 2916 380 2970 tam
404 2929 435 2970 a
459 2921 641 2973 semet
668 2931 788 2974 uno
815 2931 988 2992 quam
1015 2929 1048 2972 a
1074 2911 1418 2994 Lysimacho
1440 2911 1670 2972 leonem
1694 2912 1944 2973 interfici
1975 2931 2178 2992 posse.
2223 2911 2322 2991 Ly-

264 2995 555 3057 simachus
596 2997 749 3057 enim
788 2999 1101 3076 quondam,
1150 3017 1329 3077 quum
1363 3005 1674 3058 venaretur
1709 2997 1768 3058 in
1807 2997 1991 3078 Syria,
2035 2999 2322 3060 occiderat

264 3080 495 3161 quidem
524 3081 764 3143 eximiae
788 3083 1203 3160 magnitudinis
1227 3084 1408 3144 seram
1433 3083 1614 3154 soluS,
1637 3083 1742 3143 sed
1767 3084 1930 3144 laevo
1957 3086 2212 3146 humero
2233 3103 2322 3145 us-

166 3165 245 3228 16
262 3162 475 3248 que‘ad
503 3185 636 3227 ossa
665 3168 948 3230 laceratus
972 3170 1047 3230 ad
1074 3169 1336 3230 ultimum
1366 3168 1604 3249 periculi
1632 3178 1992 3248 pervenerat.
2041 3171 2108 3230 ld
2139 3172 2322 3249 ipsum

204 3277 211 3284 ·
267 3254 627 3333 exprobrans
650 3253 701 3312 ei
727 3271 828 3315 rex
858 3255 1079 3327 fortius,
1112 3271 1286 3332 quam
1312 3257 1586 3334 loquutus
1613 3263 1722 3326 est,
1751 3255 1904 3316 fecit.
1971 3255 2122 3316 Nam
2153 3259 2324 3317 seram

169 3335 247 3397 17
265 3357 385 3400 non
406 3338 630 3419 excepit
646 3341 842 3411 modo,
866 3342 969 3401 sed
992 3339 1162 3401 etiam
1184 3359 1304 3402 uno
1325 3342 1564 3402 vulnere
1583 3341 1810 3402 occidit.
1857 3339 2160 3414 Fabulam,
2185 3357 2325 3421 quae

182 3433 212 3445 ‘¹
266 3423 555 3487 obiectum
583 3426 791 3487 leonia
817 3445 953 3505 rege
978 3426 1378 3506 Lysimachum
1414 3438 1632 3487 temere
1664 3427 1930 3505 vulgavit,
1970 3428 2046 3488 ab
2074 3447 2148 3488 eo
2175 3445 2324 3500 casu,

270 3527 441 3588 quem
466 3531 641 3602 supra
667 3513 933 3586 diximus,
958 3523 1143 3575 ortam
1170 3531 1304 3574 esse
1327 3512 1695 3575 crediderim.
1753 3513 2022 3576 Ceterum
2051 3513 2326 3578 Maced&-
