2417 3900
509 133 649 195 Lm.
689 132 841 195 vm.
886 131 1037 211 (vl.)
1081 132 1240 193 cir.
1279 132 1410 195 ΧΠ.
1457 127 1705 191 1·--13.
2019 128 2144 191 173
2203 103 2222 121 '⁸

216 250 362 331 Gap.
388 252 519 315 XII.
560 253 707 313 Inde
728 248 1025 329 processit
1044 248 1375 311 Ecbolima:
1420 256 1480 309 et
1512 268 1692 329 quum
1725 250 2026 327 angustias
2057 250 2152 311 iti-
2173 260 2210 322 1

100 335 239 397 neris
274 338 535 399 obsideri
558 356 633 397 xx
665 334 901 397 milibus
926 340 1280 395 armatorum
1317 334 1390 394 ab
1415 335 1596 413 Eryce
1625 334 1881 415 quodam
1910 354 2154 415 compe-

98 420 269 495 risset,
292 423 527 501 gravius
546 439 759 500 agmen
780 418 1071 481 exercitus
1094 420 1292 481 Coeno
1315 420 1645 481 ducendum
1665 419 1912 481 modicis
1932 416 2158 481 itineriss

93 506 193 569 bus
217 508 473 570 tradidit.
520 508 658 587 lpse
688 523 1087 585 praegressum,
1111 523 1222 584 per
1245 504 1576 567 funditores
1599 524 1668 567 ac
1693 505 2024 584 sagittarios
2051 506 2154 567 de-
2172 513 2213 575 2

90 593 341 666 turbatis
365 592 473 673 qui
498 592 857 653 obsederant
878 590 1106 663 saltum,
1134 590 1520 669 sequentibus
1538 609 1602 651 se
1624 590 1808 669 copiis
1827 590 1978 651 viam
1987 591 2157 651 fecit.

86 676 210 738 ludi
236 678 357 739 sive
393 678 531 739 odio
558 676 724 739 ducis
760 676 881 737 sive
906 674 1149 754 gratiam
1174 676 1408 751 victoris
1437 676 1634 736 inituri
1661 676 1902 755 Erycem
1929 676 2218 755 fugien-3

86 771 202 823 tem
238 763 431 827 adorti
462 763 885 824 interemerunt
916 769 1210 841 caputque
1248 761 1375 822 eius
1403 770 1578 842 atque
1610 779 1782 831 arma,
1805 761 1883 822 ad
1908 762 2161 827 Alexan-

84 848 255 907 drum
278 848 629 911 detulerunt.
694 848 799 911 llle
822 849 971 907 facto
1004 847 1412 926 impunitatem
1433 846 1614 920 dedit,
1655 848 1944 921 honorem
1971 848 2175 908 dene-.

80 931 241 1008 gavit
264 936 545 1013 exemplo.
590 934 740 995 Hinc
758 933 832 993 ad
850 933 1070 995 flumen
1094 934 1304 994 Indum
1326 933 1506 993 sextis
1525 932 1766 993 decimis
1787 932 1994 996 castris
2016 952 2156 1015 per·-
2175 938 2218 997 4

31 1068 33 1071 ,
84 1016 241 1076 venit
268 1020 595 1099 omniaque,
640 1027 703 1081 ut
729 1026 1130 1099 praeceperat,
1173 1019 1249 1080 ad
1277 1019 1678 1081 traiiciendum
1705 1028 2051 1099 praeparata
2078 1020 2154 1081 ab

78 1100 511 1180 Hephaestione
536 1104 817 1185 repperit.
860 1104 1165 1181 Regnabat
1182 1104 1243 1164 in
1267 1122 1334 1163 ea
1354 1105 1598 1182 regione
1625 1104 1892 1183 Omphis,
1929 1105 2028 1182 qui
2050 1122 2158 1185 pa-

78 1187 148 1245 tri
186 1204 421 1267 quoque
454 1192 645 1251 fuerat
680 1198 887 1249 auctor
914 1188 1173 1249 dedendi
1202 1206 1453 1265 regnum
1489 1190 1844 1249 Alexandro.
1907 1189 1982 1247 Et
2018 1190 2218 1266 postti

74 1281 325 1362 mprtem
352 1275 617 1352 parentis
637 1276 862 1351 legatos
885 1273 1147 1345 miserat,
1184 1272 1284 1349 qui
1311 1274 1690 1333 consulerent
1708 1270 1866 1343 eum,
1907 1289 2158 1349 regnare

76 1374 138 1416 se
174 1357 411 1422 interim
448 1360 619 1419 vellet
649 1376 725 1417 an
757 1357 1045 1435 privatum
1080 1356 1342 1433 opperiri
1373 1356 1506 1417 eius-
1523 1357 1856 1417 adventum.
1903 1357 2216 1419 permis-6

72 1460 265 1521 soquc
289 1451 356 1503 ut
376 1450 671 1521 regnaret,
714 1451 1058 1502 nontamen
1089 1440 1181 1500 ius
1215 1441 1416 1501 datum
1451 1458 1736 1519 usurpare
1764 1440 2056 1503 sustinuit.
2099 1443 2158 1503 1s
2269 1457 2278 1469 ‘

72 1526 334 1604 benigne
355 1528 593 1607 quidem
612 1533 921 1605 exceperat
938 1525 1452 1604 Hephaestionem,
1475 1526 1780 1603 gratuitum
1801 1527 2157 1587 frumentum

72 1612 266 1691 copiis
294 1612 423 1673 eius
449 1613 785 1683 admensus,
828 1618 1170 1671 nontamen
1194 1610 1248 1672 ei
1273 1619 1626 1688 occurrerat,
1669 1630 1748 1671 ne
1781 1612 1956 1673 fidem
1985 1611 2158 1673 ullius

66 1697 193 1757 nisi
216 1696 376 1773 regis
399 1697 777 1776 experiretur.
824 1697 1027 1774 ltaque
1049 1694 1306 1757 venienti
1331 1695 1561 1757 obviam
1587 1716 1718 1757 cum
1742 1706 1966 1759 armato
1991 1716 2158 1759 exer·
2179 1700 2220 1763 7

65 1782 199 1841 citu
229 1799 507 1857 egressus
532 1791 657 1855 est3
703 1782 995 1861 elephanti
1022 1800 1256 1862 quoque
1289 1800 1399 1862 per
1423 1782 1655 1845 modica
1681 1784 1978 1845 intervalla
2004 1784 2157 1847 mili·
2237 1836 2244 1841 .

62 1875 199 1927 tum
228 1866 443 1943 agmini
461 1867 705 1930 immixti
728 1867 933 1945 procul
958 1868 1328 1929 castellorum
1354 1870 1613 1929 fecerant
1638 1872 1916 1949 speciem.
2047 1862 2060 1875 “

204 1951 289 2012 Ac
313 1953 503 2031 primo
528 1953 857 2015 Alexander
882 1971 1003 2014 non
1026 1954 1271 2028 socium,
1297 1955 1402 2016 sed
1425 1956 1662 2018 hostem
1683 1956 2004 2018 adventare
2025 1974 2157 2017 cre·
2175 1957 2218 2018 8

64 2037 275 2100 debat.
318 2039 559 2118 lamque
586 2048 643 2100 et
671 2039 799 2116 ipse
831 2056 991 2098 arma
1017 2039 1230 2101 milites
1255 2058 1466 2118 capere
1499 2049 1559 2101 et
1591 2041 1816 2118 equites
1847 2041 2156 2102 discedere

64 2122 127 2182 in
157 2141 387 2182 cornua
418 2123 675 2186 iusserat
699 2131 937 2200 paratus
964 2123 1037 2183 ad
1060 2141 1340 2200 pugnam.
1405 2128 1479 2184 At
1499 2123 1680 2184 Indus
1705 2125 1938 2200 cognito
1965 2125 2158 2184 Mace-

68 2208 307 2268 donum
328 2225 547 2280 errore,
568 2207 745 2266 iussis
768 2206 1089 2266 subsistere
1108 2207 1337 2277 ceteriS,
1359 2206 1490 2284 ipse
1508 2207 1762 2267 concitat
1781 2225 2016 2284 equum,
2041 2225 2160 2285 quo

67 2290 435 2353 vehebatur:
473 2291 633 2353 idem
654 2291 1234 2373 Alexanderlquoque
1255 2289 1409 2362 fecit,
1435 2289 1557 2349 sive
1579 2290 1765 2350 hostis
1792 2291 1914 2350 sive
1937 2291 2160 2350 amicus
2178 2297 2216 2358 9

69 2385 439 2449 occurreret,
472 2377 564 2438 vel
586 2393 691 2436 sua
718 2374 927 2436 virtute
946 2375 1035 2434 vel
1059 2374 1216 2436 illius
1241 2374 1360 2434 fide
1381 2382 1561 2437 tutuS.
1608 2375 1866 2448 Coivere,
1903 2375 2063 2454 quod
2093 2393 2164 2436 ex

64 2463 392 2541 utriusque
417 2463 575 2524 vultu
594 2469 801 2540 posset
822 2459 1081 2538 intelligi,
1120 2457 1324 2522 amicis
1347 2458 1588 2532 animis;
1631 2468 1888 2522 ceterum
1916 2461 2044 2522 sine
2067 2459 2162 2522 in-

67 2555 344 2628 terprete
362 2566 481 2608 non
504 2554 733 2626 poterat
754 2544 985 2608 conseri
1008 2562 1227 2606 sermo.
1271 2545 1477 2624 ltaque
1491 2544 1757 2609 adhibite
1777 2563 1848 2608 eo
1872 2546 2178 2612 barbarus

66 2633 417 2705 occurrisse
434 2651 501 2694 se
524 2632 664 2694 dixit
683 2650 821 2693 >cum
842 2629 1115 2705 exercitu,
1141 2637 1300 2694 totas
1323 2630 1554 2710 imperii
1579 2630 1730 2694 vires
1751 2633 2022 2712 protinus
2039 2643 2160 2696 tra·-

67 2718 363 2790 diturum,
404 2736 517 2780 nec
542 2728 931 2796 exspectasse,
974 2717 1113 2778 dum
1140 2734 1248 2795 per
1269 2716 1518 2780 nuncios
1545 2717 1780 2784 daretur
1801 2719 1970 2784 tides.
2016 2721 2160 2782 Cor·
2183 2721 2262 2793 10

63 2820 189 2882 pus
214 2821 399 2866 suum
422 2811 481 2864 et
504 2821 649 2882 regn
658 2821 753 2862 um
779 2802 1115 2882 permittere
1138 2802 1239 2874 illi,
1263 2821 1438 2883 quem
1461 2803 1640 2866 sciret
1663 2805 1887 2883 gloriae
1907 2805 2159 2870 militan-

63 2896 193 2950 tem
223 2888 377 2951 nihil
404 2888 587 2966 magis
613 2906 785 2969 quam
811 2889 1025 2948 famam
1052 2887 1254 2948 timere
1283 2889 1582 2966 perfidiae.

202 2973 429 3036 Laetus
457 2974 823 3054 simplicitate
845 2971 1083 3035 barbari
1112 2990 1217 3033 rex
1250 2983 1308 3036 et
1329 2975 1594 3037 dextram
1618 2975 1756 3036 fidei
1779 2995 1924 3038 suae
1948 2975 2162 3054 pignus

62 3059 251 3120 dedit
294 3067 353 3119 et
391 3077 635 3136 regnum
675 3059 945 3124 restituit.
1016 3058 1450 3138 Quinquaginta
1497 3079 1602 3126 sex
1643 3061 1934 3141 elephanti
1975 3068 2160 3129 erant,
2185 3057 2261 3119 11

64 3163 235 3224 quos
263 3144 503 3206 tradidit
524 3143 873 3217 Alexandro,
895 3145 1192 3222 multaque
1216 3161 1434 3223 pecora
1457 3145 1700 3208 eximiae
1722 3143 2160 3226 magnitudinis,

58 3237 297 3292 tauros
322 3230 397 3290 ad
420 3249 487 3290 ιιι
510 3229 687 3302 milia,
716 3230 1033 3308 pretiosum
1058 3229 1119 3290 in
1143 3247 1211 3293 ea
1239 3232 1483 3310 regione
1505 3243 1928 3312 acceptumque
1951 3225 2190 3288 animis·

56 3314 457 3395 regnantium
483 3321 831 3376 armentum.
890 3314 1207 3388 Quaerenti
1234 3317 1602 3392 Alexandro„
1626 3319 1822 3398 plures
1847 3311 2160 3390 agriculto-
2182 3309 2263 3372 12

54 3420 169 3462 res
196 3400 457 3462 haberet
488 3419 561 3462 an
584 3399 814 3471 milites,
855 3417 987 3460 cum
1013 3400 1243 3462 duobus
1275 3402 1516 3480 regibus
1539 3401 1777 3464 bellanti
1803 3398 1912 3458 sibi
1941 3395 2162 3456 maiore

57 3486 341 3548 militum
368 3503 538 3564 quam
565 3484 879 3564 agrestium
904 3503 1081 3547 manu
1102 3503 1254 3564 opus
1281 3505 1412 3548 esse
1440 3484 1763 3566 respondit.
1806 3480 2080 3540 Abisares
2103 3487 2164 3542 et
2183 3478 2264 3540 13

52 3570 285 3634 Porus
310 3579 495 3642 erant,
517 3571 707 3632 sedin
728 3570 883 3632 Poro
906 3569 1199 3632 eminebat
1219 3571 1552 3632 auctoritas.
1595 3568 1852 3642 Uterque
1873 3562 2022 3624 ultra
2043 3562 2166 3642 lly-
