2417 3900
221 31 308 92 56
657 25 756 92 DE
802 23 1062 84 GBS-TIS
1107 19 1543 82 ALEXANDRI
1582 19 1825 82 MAGNI

223 146 522 212 terribiles
550 161 900 207 occursuras
925 140 1102 204 iacies
1130 139 1477 220 Scytharum
1499 139 2095 220 Bactrianorumque:
2144 141 2315 203 hirta
2409 143 2410 146 ’

222 231 338 296 illis
375 249 481 291 ora
511 238 571 292 et
612 229 878 292 intonsas
913 245 1112 289 comas
1149 243 1299 301 esse,
1344 234 1651 306 praeterea
1688 224 1957 286 eximiam
1994 233 2315 290 vastorum

219 315 690 397 magnitudinem
711 333 1047 394 corporum.
1091 311 1273 374 Vanis
1290 320 1349 373 et
1361 311 1637 374 inanibus
1658 312 1899 374 militem
1912 312 2104 390 magis-
2124 331 2315 392 quam

160 409 209 470 θ
225 403 394 467 iustis
427 401 758 464 formidinis
785 400 1008 462 caussis
1033 397 1275 484 moveri.
1361 398 1587 460 Deinde
1618 407 1838 460 tantam
1860 398 2315 462 multitudinem

227 487 618 552 circumfundi
642 487 1018 568 paucioribus
1043 503 1247 565 posse.
1289 484 1422 545 Non
1456 485 1516 545 in
1545 484 1775 547 Ciliciae
1804 485 2097 563 angustiis
2127 495 2192 547 et
2222 486 2318 548 in-

163 580 208 642 7
223 574 334 636 viis
373 573 642 646 callibus,
693 574 800 634 sed
839 573 900 634 in
939 579 1142 652 aperta
1175 580 1232 634 et
1276 571 1393 633 lata
1429 570 1669 651 planitie
1702 571 1986 634 dimicari.
2078 571 2317 633 Omnes

220 663 410 724 ferme
433 659 808 722 Parmenioni
833 658 1311 720 assentiebantur
1319 678 1335 732 3
1362 657 1728 737 Polypercon
1752 658 1909 718 baud
1939 657 2121 718 dubie
2144 658 2217 719 in
2244 678 2315 719 eo

163 745 475 814 8consilio
520 745 774 825 positam
810 745 1114 806 victoriam
1151 743 1563 804 arbitrabatur.
1652 745 1842 816 Quem
1892 745 2136 804 intuens
2186 764 2314 818 rex,

197 850 482 911 ,namque
527 831 983 892 Parmenionem
1027 847 1223 907 nuper
1266 829 1459 890 acrius
1508 847 1687 908 quam
1730 831 1903 890 vellet
1946 829 2314 909 increpitum

223 937 432 984 rursus
471 917 756 994 castigare
786 935 909 977 nen
945 915 1288 989 sustinebat,
1324 915 1833 990 Latrunculorum,
1866 915 2079 994 inquit,
2122 924 2187 976 et
2224 919 2314 976 fu-

141 1049 161 1060 -
224 1022 358 1069 rum
393 1002 506 1066 ista
551 1003 806 1063 sollertia
844 1009 949 1075 est,
997 1001 1556 1080 quampraecipitis
1577 1003 1751 1078 mibi3
1802 1001 2024 1081 quippe
2064 1003 2311 1063 illorum

163 1094 207 1156 9
227 1097 428 1153 votum
451 1088 692 1150 unicum
719 1095 827 1162 est,
852 1089 1074 1150 fallere.
1117 1087 1283 1148 Meae
1301 1105 1441 1148 vero
1468 1088 1689 1166 gloriae
1712 1104 1951 1167 semper
1968 1096 2072 1148 aut
2090 1089 2315 1149 absen-

225 1175 372 1238 tiam
397 1174 570 1236 Dar’ei
597 1182 695 1236 aut
719 1173 1028 1252 angustias.
1041 1173 1308 1235 locorum
1336 1181 1435 1235 aut
1458 1175 1679 1236 furtum
1703 1173 1895 1235 noetis
1918 1175 2161 1236 obstare
2191 1193 2314 1235 non

226 1261 448 1341 patiar:
501 1260 693 1341 palam
720 1261 854 1321 luce
881 1260 1120 1338 aggredi
1145 1267 1370 1320 certum
1396 1271 1517 1334 est3
1562 1262 1715 1322 malo
1742 1279 1843 1320 me
1862 1261 2143 1322 fortunae
2170 1279 2316 1342 poe-

125 1351 212 1412 10
229 1347 416 1413 niteat
445 1365 620 1425 quam
659 1344 938 1408 victoriae
958 1347 1210 1426 pudeat.
1295 1345 1386 1406 Ad
1424 1347 1572 1406 haec
1605 1347 1747 1408 illud
1786 1365 2024 1426 quoque
2056 1343 2315 1407 accedit:

235 1432 457 1511 vigilias
493 1451 668 1512 agere
703 1433 992 1493 barbaros
1020 1440 1078 1493 et
1114 1431 1176 1492 in
1200 1433 1379 1494 armis
1414 1443 1589 1506 stare,
1637 1444 1701 1495 ut
1736 1451 1811 1494 ne
1835 1431 2030 1511 decipi
2065 1433 2310 1511 quidem

229 1518 484 1599 possint,
514 1526 882 1598 compertum
907 1519 1122 1579 habeo.
1167 1518 1371 1597 Itaque
1401 1519 1475 1579 ad
1498 1519 1787 1598 proelium
1814 1537 1919 1579 vos
1945 1528 2177 1598 parate.
2226 1519 2319 1580 Sic

228 1604 506 1668 incitatos
533 1605 610 1665 ad
636 1623 886 1684 corpora
914 1605 1171 1666 curanda
1197 1601 1435 1665 dimisit.
1486 1623 1495 1638 ‘
2182 1633 2192 1638 -
2409 1603 2410 1606 ’

127 1691 210 1752 11
290 1691 307 1700 “
359 1689 582 1749 narsus
619 1689 700 1763 id,
751 1690 910 1767 quod
933 1688 1247 1750 Parmenio
1278 1697 1560 1760 suaserat,
1609 1688 1842 1748 hostem
1866 1689 2160 1750 facturum
2184 1707 2317 1749 esse

233 1773 570 1835 coniectans
593 1775 854 1835 frenatos
879 1792 1064 1853 equos
1087 1782 1245 1835 stare
1269 1792 1660 1853 magnamque
1685 1774 1973 1836 exercitus
1995 1783 2235 1852 partem
2262 1775 2317 1835 in
2408 1781 2411 1804 ”

233 1859 416 1920 armis
447 1876 578 1918 esse
604 1877 674 1921 ac
698 1859 922 1937 vigilias
947 1860 1263 1920 intentiore
1286 1879 1425 1922 cura
1448 1859 1668 1921 servari
1686 1858 1964 1922 iusserat:
1990 1879 2139 1938 ergo
2166 1861 2319 1940 igni-

133 1945 219 2016 12,
235 1943 352 2007 bus
378 1952 500 2006 tota
526 1945 652 2007 eius
681 1954 870 2007 castra
908 1946 1229 2025 fulgebant.
1316 1945 1453 2027 Ipse
1482 1965 1612 2009 cum
1647 1945 1895 2008 ducibus
1920 1946 2315 2027 propinquis-

235 2049 352 2110 que
399 2030 631 2111 agmina
670 2031 734 2092 in
779 2032 957 2095 armis
1005 2032 1284 2094 stantium
1332 2032 1691 2107 circumibat,
1739 2034 1939 2095 Solem
1973 2042 2031 2093 et
2062 2032 2318 2095 Mithran

237 2134 592 2197 sacrumque
616 2125 676 2179 et
699 2125 1006 2180 aeternum
1029 2119 1311 2179 invocans
1338 2119 1553 2197 ignem,
1605 2126 1667 2180 ut
1696 2118 1813 2180 illis
1846 2120 2087 2197 dignam
2117 2130 2316 2181 vetere
2408 2188 2410 2193 .

137 2205 216 2267 13
237 2204 422 2283 gloria
459 2199 869 2285 maiorumque
901 2206 1302 2268 monumentis
1340 2204 1740 2267 fortitudinem
1775 2206 2161 2285 inspirarent.
2250 2206 2321 2267 Et
2408 2216 2410 2221 “

237 2292 534 2371 profecto,
579 2290 632 2351 si
681 2310 794 2369 qua
826 2290 1060 2353 divinae
1103 2291 1234 2371 opis
1276 2291 1519 2371 auguria
1556 2292 1812 2353 humana
1840 2301 2043 2353 mente
2089 2292 2321 2373 concipi

236 2386 516 2459 possent,
568 2377 712 2437 deos
745 2385 918 2439 stare
965 2396 1186 2439 secum.
1250 2377 1389 2441 lllos
1441 2394 1633 2456 nuper
1669 2378 2061 2439 Macedonum
2106 2378 2321 2439 animis

240 2461 494 2522 subitam
531 2462 856 2524 incussisse
894 2463 1300 2525 formidinem:
1347 2464 1543 2526 adhuc
1563 2464 1894 2543 lymphatos
1920 2464 2063 2525 ferri
2087 2462 2320 2543 agique,

243 2545 744 2607 arma'iacientes:
773 2558 1050 2627 expetere
1069 2548 1375 2627 praesides
1398 2550 1710 2611 Persarum
1735 2549 1966 2630 imperii
1991 2550 2181 2628 [deos]
2212 2551 2318 2612 de-

138 2628 224 2688 14
241 2629 396 2691 bims
429 2649 462 2691 e
485 2632 838 2694 vecordibus
875 2652 1122 2713 poenaS.
1207 2634 1331 2697 Nec
1364 2636 1559 2716 ipsum
1584 2636 1793 2697 ducem
1832 2636 2130 2697 saniorem
2166 2654 2319 2711 esse,
2383 2644 2391 2653 ’

242 2716 464 2811 quippe
492 2716 604 2779 ritu
629 2718 882 2779 ferarum
910 2722 1192 2799 praedam
1216 2722 1413 2796 modo,
1442 2728 1615 2801 quam
1640 2730 1960 2801 expeteret,
1988 2724 2316 2785 intuentem

241 2819 306 2861 in
331 2802 673 2880 perniciem,
701 2822 852 2882 quae
880 2814 1014 2867 ante
1045 2807 1326 2885 praedam
1354 2808 1545 2887 posita
1569 2815 1743 2883 esset,
1770 2808 2096 2869 incurrere.
2144 2808 2319 2871 Simi-

242 2885 318 2947 lis
347 2887 504 2967 apud
535 2888 888 2952 Macedones
935 2909 1168 2973 quoque
1209 2893 1545 2957 sollicitudo
1582 2902 1725 2968 erat,
1774 2904 2127 2973 noctemque
2166 2896 2318 2957 velut

143 2968 306 3033 15ia
341 2988 470 3033 eam
507 2976 825 3037 certamine
863 2977 1052 3063 edicto
1100 2987 1261 3041 metu
1297 2990 1563 3059 egerunt.
1648 2982 1977 3042 Alexander
2014 2998 2137 3041 non
2178 2982 2317 3043 alias

222 3058 434 3137 ‘magis
473 3059 710 3147 territus
741 3063 816 3123 ad
843 3072 976 3125 vota
1003 3074 1061 3126 et
1097 3082 1307 3143 preces
1332 3066 1742 3129 Aristandrum
1774 3067 1965 3128 vocari
1988 3066 2174 3129 iubet.
2219 3068 2319 3129 llle

243 3144 310 3205 iu
333 3144 584 3215 candida
606 3154 785 3221 veste,
812 3149 1101 3211 verbenas
1131 3168 1310 3212 manu
1330 3154 1691 3231 praetorem,
1718 3153 1905 3232 capite
1936 3152 2125 3213 velato
2146 3172 2316 3233 prae-

243 3230 370 3293 ibat
415 3246 642 3311 preces.
670 3233 794 3311 regi
844 3234 1062 3307 lovem,
1108 3236 1426 3299 Minervam
1480 3239 1905 3319 Victoriamque
1952 3238 2317 3318 propitianti.

36 3318 37 3325 ’
146 3311 230 3375 16
247 3316 420 3379 Tunc
443 3316 680 3397 quidem
709 3320 992 3382 sacrificio
1019 3322 1128 3383 rite
1168 3333 1509 3403 perpetrato
1546 3326 1833 3404 reliquum
1866 3324 2054 3386 noctis
2080 3326 2320 3406 acquie-

247 3408 416 3465 ειη-ιε
461 3404 526 3465 in
573 3405 1008 3467 tabernaculum
1049 3408 1241 3470 rediit.
1308 3409 1424 3471 Sed
1475 3430 1587 3472 nec
1627 3430 1902 3472 somnum
1938 3428 2167 3490 capere
2214 3430 2319 3474 nec

247 3488 509 3567 quietem
538 3491 664 3571 pati
693 3500 942 3572 poterat.
1009 3494 1186 3555 Modo
1222 3514 1254 3555 e
1295 3494 1431 3573 iugo
1468 3498 1684 3559 montis
1720 3498 1901 3559 aciem
1944 3496 2007 3558 in
2043 3497 2317 3561 dextrum
