2417 3900
254 130 375 193 160
698 128 825 191 ,ΒΕ
862 126 1125 189 GESTIS
1168 125 1598 187 ALEXANDR!
1637 125 1878 187 MAGNI

150 263 237 325 20
382 249 599 329 Aequis
636 248 875 311 auribus
900 245 1287 308 Callisthenes
1311 244 1492 311 veluti
1515 244 1729 307 vindex
1757 245 2028 325 publicae
2051 243 2340 307 libertatis
2389 254 2391 259 “

122 344 138 391 ί
255 336 620 402 audiebatur.
661 330 1047 415 Expresserat
1072 350 1193 393 non
1223 330 1624 395 assensionem
1652 333 1852 404 modo,
1893 330 2001 391 sed
2027 316 2208 391 etiam
2237 350 2340 391 vo·
2392 375 2393 423 ¹

114 452 119 459 ·
169 448 179 457 ²
254 440 403 496 cem,
450 420 750 483 seniorum
784 417 1133 501 praecipue,
1177 416 1394 495 quibus
1427 415 1618 495 gravis
1657 426 1780 481 erat
1813 416 2120 479 inveterati
2157 417 2340 477 moris
2392 428 2393 487 }

150 518 235 581 21
254 519 501 571 externa
528 506 793 569 mutatio.
860 506 983 567 Nec
1018 502 1338 584 quidquam
1373 520 1601 577 eorum,
1645 520 1800 582 quae
1837 502 2089 563 invicem
2127 500 2339 563 iactata

254 604 438 669 aaut,
484 610 585 655 rex
610 591 939 671 ignorabat,
990 606 1173 669 quum
1200 596 1338 668 post
1359 590 1580 661 aulaea,
1623 605 1774 667 quae
1796 590 1962 649 lectis
1985 587 2337 662 obduxerat,
2393 636 2396 709 ἶ

136 680 155 691 ”
250 688 454 743 staret.
516 678 705 758 Igitur
726 679 802 741 ad
826 677 975 757 Agin
1000 684 1061 737 et
1084 676 1362 735 Cleonem
1392 673 1567 747 misit,
1612 684 1677 734 ut
1699 692 1978 736 sermone
2007 672 2180 733 finito
2208 675 2338 735 bar·
2394 714 2395 717 κ

248 766 429 829 baros
447 773 693 837 tantum,
714 782 893 844 quum
916 762 1210 832 intrasset,
1235 760 1628 840 procumbere
1649 779 1758 822 suo
1779 778 1944 821 more
1965 768 2338 838 paterentur:

247 859 311 912 et
332 852 529 931 paullo
566 858 721 929 post,
756 846 925 928 quasi
954 846 1181 927 potiora
1208 846 1494 924 quaedam
1523 845 1758 924 egisset,
1797 845 2134 907 convivium
2165 864 2336 925 repe-

148 948 233 1013 22
250 935 338 999 tit.
404 936 595 1009 Quem
628 933 1045 995 venerantibus
1079 930 1278 993 Persis
1307 931 1691 1012 Polypercon,
1735 931 1835 1011 qui
1873 932 2132 992 cubabat
2159 950 2337 1011 super

250 1038 473 1101 regem,
502 1038 685 1081 unum
710 1038 783 1080 ex
807 1019 901 1081 bis
921 1026 1123 1079 mento
1150 1016 1584 1097 contingentem
1614 1018 1858 1078 humum
1887 1036 1996 1097 per
2017 1016 2335 1078 ludibrium

132 1120 193 1177 ss
254 1107 447 1187 eoepit
471 1103 713 1178 hortun,
748 1116 813 1168 ut
838 1102 1242 1165 vehementius
1269 1101 1328 1163 id
1355 1112 1620 1182 quateret
1643 1104 1718 1168 ad
1749 1114 1986 1176 terram,
2025 1102 2335 1180 elicuitque

146 1192 395 1266 ssssjram
424 1189 756 1265 Alexandri,
796 1208 974 1270 quam
1012 1189 1153 1251 olim
1188 1187 1386 1249 animo
1415 1208 1625 1269 capere
1658 1208 1779 1249 nou
1819 1198 2068 1268 poterat.
2125 1188 2330 1265 ltaque

248 1297 376 1353 rex,
402 1278 492 1339 Tu
514 1286 729 1349 autem,
750 1276 957 1357 inquit,
980 1292 1104 1337 non
1128 1276 1502 1336 veneraberis
1525 1272 1664 1335 me?
1705 1278 1794 1335 Au
1815 1274 1920 1335 tibi
1946 1274 2050 1336 uni
2069 1273 2225 1352 digni
2245 1274 2334 1331 vi·
2397 1340 2399 1345 .

134 1373 155 1415 -‘
247 1364 463 1425 demur
486 1380 618 1423 esse
644 1358 945 1425 ludibrio?
979 1362 1091 1422 llle
1118 1378 1232 1422 nec
1251 1378 1450 1439 regem
1476 1360 1732 1421 ludibrio
1758 1380 1867 1421 nec
1896 1379 1963 1421 se
1991 1368 2335 1437 contemptu

147 1454 233 1520 24
250 1449 491 1529 dignum
518 1466 653 1510 esse
680 1446 1006 1529 respondit.
1052 1447 1203 1507 Tum
1225 1446 1558 1520 detractum,
1579 1459 1712 1507 eum
1735 1447 1888 1517 lecto
1915 1464 2021 1506 rex
2048 1445 2337 1525 praecipi-

248 1545 337 1599 tat
358 1538 419 1597 in
448 1545 686 1597 terram.
754 1536 827 1597 Et
860 1552 1040 1614 quum
1065 1551 1119 1593 ts
1157 1550 1386 1611 pronus
1424 1531 1762 1603 corruisset,
1806 1532 2082 1603 Videsne,
2127 1531 2334 1610 inquit,

251 1621 409 1683 idem
435 1630 495 1682 te
508 1618 750 1692 'l'ecisse,
792 1620 952 1698 quod
978 1620 1036 1680 iu
1060 1616 1173 1679 alio
1203 1618 1394 1697 paullo
1417 1628 1554 1678 ante
1575 1617 1810 1678 ridebas
1825 1614 1862 1677 ἲ
1904 1617 1978 1677 Et
1997 1617 2157 1679 tradi
2181 1636 2256 1677 eo
2279 1616 2332 1676 in

135 1716 153 1772 ζ
194 1714 201 1719 ’
255 1704 577 1769 custodiam
600 1705 761 1767 iusso
790 1705 1117 1765 convivium
1144 1703 1336 1764 solvit.

195 1798 232 1860 1
382 1792 473 1851 Ca
487 1808 547 1868 p.
572 1790 663 1852 vt.
710 1789 1129 1868 Polyperconti⁸
1148 1787 1388 1866 quidem
1423 1796 1629 1867 postea
1653 1788 1936 1866 castigato
1969 1787 2072 1848 diu
2096 1786 2333 1866 ignovit,

250 1874 313 1936 in
340 1874 753 1937 Callistheuem
786 1874 923 1935 olim
958 1873 1364 1934 contumaciae
1387 1884 1728 1954 suspectum
1769 1874 2185 1954 pervicacioris
2218 1873 2334 1932 irae
2401 1894 2403 1897 ⁴

190 1966 235 2028 2
250 1960 377 2033 fuit,
404 1961 571 2022 euius
592 1960 927 2039 explendae·
940 1970 1165 2021 matura
1184 1953 1426 2022 obvenit
1445 1961 1700 2022 occasio.
1745 1961 1874 2022 Mos
1897 1970 2042 2033 erat,
2073 1969 2138 2021 ut
2159 1976 2336 2038 supra

139 2089 177 2121 ·-
250 2046 475 2108 dictum
498 2055 607 2118 est,
634 2045 1001 2125 principibus
1024 2047 1430 2118 Macedonum,
1448 2046 1688 2107 adultos
1713 2046 1930 2107 liberos
1955 2046 2198 2124 regibus
2220 2055 2339 2106 tra-

249 2131 395 2194 dere
430 2132 505 2192 ad
547 2131 745 2193 munia
772 2132 925 2194 baud
950 2132 1193 2194 multum
1229 2131 1538 2192 servilibus
1577 2130 1912 2192 ministeriis
1939 2131 2339 2193 abhorrentia.
2403 2127 2405 2132 ’

190 2217 633 2286 3-Excubabaut
655 2218 900 2280 servatis
929 2217 1187 2278 noctium
1213 2216 1440 2278 vicibus
1465 2216 1712 2296 proximi
1741 2219 1966 2278 foribus
1993 2218 2123 2278 eius
2152 2217 2338 2288 aedis,

248 2303 311 2366 iu
348 2322 463 2383 qua
500 2321 603 2366 rex
627 2304 1055 2382 acquiescebat.
1122 2303 1238 2364 Per
1261 2304 1375 2363 hos
1395 2303 1634 2382 pellices
1669 2303 2196 2365 introducebantur
2227 2303 2338 2362 alio

188 2395 230 2456 4
250 2390 431 2464 aditu,
458 2407 635 2470 quam
660 2407 835 2470 quem
862 2388 1067 2450 armati
1094 2388 1465 2450 obsidebant.
1510 2389 1693 2451 iidem
1721 2399 1996 2470 acceptos
2023 2390 2098 2450 ab
2124 2407 2344 2467 agaso-

248 2474 426 2538 nibus
452 2493 659 2554 equos,
704 2493 885 2554 quum
912 2493 1012 2536 rex
1037 2493 1393 2537 ascensurus
1419 2485 1593 2546 esset,
1631 2475 2044 2546 admovebant,
2090 2477 2344 2535 comita-

143 2587 153 2591 ·
248 2558 579 2638 banturque
600 2569 661 2620 et
676 2570 985 2623 venantem
1004 2561 1145 2622 etin
1169 2558 1428 2640 proeliis,
1451 2561 1730 2622 omuibus
1751 2562 1975 2623 artibus
1999 2560 2344 2622 studiorum

146 2647 168 2662 ⁹
190 2644 575 2710 &liberalium
607 2647 847 2707 exculti.
914 2645 1271 2726 Praecipuus
1308 2647 1502 2707 bonor
1534 2647 1879 2720 habebatur,
1921 2647 2078 2726 quod
2123 2646 2346 2708 licebat

248 2729 595 2793 sedentibus
632 2732 785 2791 vesci
818 2747 953 2792 cum
990 2750 1151 2811 rege.
1219 2731 1556 2812 Castigandi
1594 2752 1697 2793 eos
1735 2733 2074 2794 verberibus
2117 2733 2350 2795 nullius

189 2818 233 2879 6
252 2825 516 2895 potestas
546 2825 777 2894 praeter
798 2816 995 2895 ipsum
1020 2826 1165 2879 erat.
1209 2819 1370 2879 Haec
1394 2819 1608 2879 cohors
1635 2818 1788 2880 velut
1811 2818 2196 2880 seminarium
2227 2823 2352 2881 du-

146 2949 151 2958 .
252 2918 385 2966 cum
414 2904 957 2981 praefectorumque
979 2903 1136 2982 apud
1162 2903 1518 2966 Macedonas
1553 2903 1678 2966 fuit.
1750 2905 1898 2966 Hinc
1933 2905 2202 2966 habuere
2233 2925 2351 2987 po-

250 2987 393 3051 steri
422 3005 611 3065 reges,
654 3004 903 3067 quorum
940 2989 1224 3069 stirpibus
1254 3000 1390 3070 pom
1423 2991 1634 3052 multas
1659 2999 1881 3052 aetates
1909 2990 2162 3052 Romani
2191 3013 2352 3072 opes

190 3073 231 3136 7
250 3072 619 3137 ademerunt.
682 3076 865 3153 igitur
902 3075 1266 3149 Hermolaus,
1309 3095 1460 3156 puer
1501 3075 1713 3137 nobilis
1752 3095 1821 3137 ex
1866 3077 2022 3155 regia
2067 3077 2351 3153 cohorte,

160 3177 165 3184 ·
252 3177 439 3238 quum
455 3177 660 3238 aprum
682 3163 799 3222 telo
822 3171 1187 3240 occupasset,
1206 3181 1382 3242 quem
1405 3181 1508 3223 rex
1537 3163 1710 3222 ferire
1727 3163 2146 3232 destinaverat,
2172 3164 2351 3227 iussu

251 3244 379 3306 eius
402 3245 745 3308 verberibus
768 3249 1013 3308 affectus
1038 3258 1146 3308 est.
1192 3251 1378 3321 Quam
1404 3247 1780 3328 ignominiam
1805 3267 1978 3323 aegre
1998 3250 2214 3311 ferens
2245 3254 2354 3313 de-

190 3327 395 3394 8flcre
420 3333 571 3411 apud
600 3334 930 3394 Sostratum
958 3332 1166 3412 coepit.
1244 3333 1328 3394 Ex
1353 3335 1558 3395 eadem
1587 3339 1828 3396 coluerte
1853 3344 1978 3395 erat
2007 3336 2352 3412 Sostratus,

250 3433 451 3482 amore
478 3420 609 3483 eius
630 3420 867 3480 ardens.
932 3419 1045 3491 Qui
1075 3439 1258 3498 quum
1288 3425 1600 3481 laceratum
1625 3437 1865 3499 corpus,
1911 3421 1968 3481 iu
1997 3439 2120 3500 quo
2151 3423 2356 3506 depe-

248 3501 422 3570 ribat.
444 3505 783 3576 intueretur,
810 3504 1211 3566 forsitanolim'
1233 3506 1312 3568 ob
1337 3508 1507 3568 aliam·
1529 3525 1765 3586 quoque
1788 3525 2054 3568 caussam
2085 3511 2229 3588 regi
2261 3514 2358 3574 in-

251 3583 454 3660 testa»,
478 3591 745 3656 iuvenem
772 3611 879 3656 sua
901 3601 1117 3672 sponte
1133 3593 1250 3654 iam
1271 3595 1650 3656 motumdata
1669 3595 1790 3654 lide
1809 3606 2180 3674 acceptaque
2203 3617 2358 3680 per..
