2417 3900
234 120 361 203 212
724 134 824 195 DE
869 134 1129 195 ansus
1174 125 1606 197 ALEXANom
1647 132 1893 197 MAGNI

146 284 159 303 2
254 254 428 319 Darei
466 254 642 315 filiam
674 252 831 328 duxi,
870 252 1269 335 proximisque
1291 256 1610 317 amicorum
1641 262 1846 315 auctor
1873 252 1954 314 fui
1991 262 2067 313 ex
2102 252 2353 333 captivis
2402 230 2403 313 ³

260 339 580 421 generandi
604 340 843 413 liberos,
881 349 947 403 ut
970 342 1091 401 hoc
1118 357 1286 401 sacro
1313 342 1555 403 foedere
1585 358 1759 400 omne
1787 338 2105 421 discrimen
2130 338 2279 399 victi
2303 347 2356 399 et
2402 338 2403 419 g

158 432 241 499 13
258 426 497 489 victoris
524 426 913 508 excluderem.
958 425 1216 495 Proinde
1245 428 1474 504 genitos
1501 444 1633 487 esse
1659 445 1764 486 vos
1789 426 1948 498 mibi,
1985 442 2110 485 non
2136 424 2358 486 ascitos

200 504 205 507 ¹
258 514 475 575 milites
502 512 740 572 credite.
785 511 957 572 Asiae
988 520 1047 571 et
1072 512 1344 591 Europae
1371 532 1550 574 unum
1577 520 1754 590 atque
1778 511 1933 572 idem
1961 528 2219 589 regnum
2254 519 2357 571 est.
2402 524 2403 527 ’

138 615 147 661 e
258 599 653 661 Macedonum
686 596 853 660 vobis
886 614 1049 659 arma
1088 598 1186 658 do.
1249 597 1572 659 Inveteravi
1605 596 1975 677 peregrinam
2009 596 2358 671 novitatem,

260 693 322 746 et
358 684 513 744 cives
550 682 667 745 mei
707 683 845 743 estis
876 690 935 745 et
971 682 1203 744 militeS.
1263 683 1474 745 Omnia
1515 684 1770 745 eundem
1811 684 2034 743 ducunt
2069 684 2359 744 colorem.

159 773 242 838 14
260 771 384 833 Nec
420 768 619 831 Persis
659 768 1053 829 Macedonum
1102 787 1328 831 morem
1377 769 1728 831 adumbrare
1777 786 1889 829 nec
1927 768 2358 830 Macedonibus

259 857 477 917 Persas
510 853 723 914 imitari
746 854 1112 915 indecorum.
1168 855 1450 917 Eiusdem
1482 856 1626 917 iuris
1664 872 1798 915 esse
1833 854 2071 928 debent,
2111 854 2217 935 qui
2246 855 2354 917 sub

143 941 152 1017 ξ
262 940 475 1003 eodem
497 956 638 1017 rege
658 938 866 1001 victuri
888 947 1047 1002 sunt.
1074 937 1105 969 *
1127 937 1158 969 *
1175 937 1205 971 *
1366 962 1376 970 ·

142 1038 146 1045 ·
203 1028 243 1091 1
394 1024 557 1102 Cap.
585 1024 678 1085 lv.
725 1025 1067 1105 Quousque,
1104 1024 1314 1105 inquit,
1353 1024 1550 1086 animo
1579 1033 1678 1086 tuo
1707 1024 1879 1085 etiam
1907 1041 2016 1103 per
2045 1024 2358 1102 supplicia,

262 1118 324 1173 et
348 1109 585 1190 quidem
608 1112 832 1172 externi
864 1110 1068 1185 moriS,
1102 1108 1498 1195 obsequeris?
1555 1110 1768 1171 Milites
1795 1110 1895 1183 tui,
1929 1110 2082 1169 cives
2115 1109 2216 1182 tui,
2260 1110 2362 1169 in-

262 1195 501 1275 cognita
526 1199 755 1271 caussa,
797 1196 1042 1277 captivis
1076 1197 1199 1259 suis
1223 1197 1593 1271 ducentibuS,
1632 1196 1943 1257 trabuntur
1967 1195 2044 1255 ad
2073 1212 2360 1274 poenam.

260 1282 325 1345 si
360 1288 613 1343 mortem
651 1282 939 1345 meruisse
982 1282 1228 1355 iudicaS,
1281 1283 1487 1343 saltem
1521 1282 1821 1365 ministros
1868 1280 2139 1361 supplicii
2167 1288 2362 1341 muta.

202 1364 245 1437 2-
264 1366 467 1428 Amico
490 1367 703 1443 animo,
728 1367 778 1429 si
802 1367 923 1429 veri
942 1370 1168 1447 patiens
1187 1368 1412 1441 fuisset,
1443 1367 1889 1440 admonebatur,
1913 1367 2105 1428 sedin
2127 1366 2358 1427 rabiem

260 1452 351 1513 ira
367 1448 737 1532 pervenerat.
778 1454 979 1533 ltaque
994 1474 1203 1517 rursus
1230 1454 1392 1531 (nam
1412 1471 1746 1533 parumper,
1767 1452 1977 1531 quibus
1997 1453 2360 1532 imperatum

264 1547 405 1613 erat,
454 1538 887 1615 dubitaverant)
924 1540 1111 1618 mergi
1142 1540 1202 1601 in
1242 1556 1493 1612 amnem,
1527 1538 1682 1600 sicut
1699 1538 1893 1599 -vincti
1925 1546 2112 1610 erant,
2163 1539 2363 1600 iussit.

202 1628 245 1691 3
265 1624 388 1703 Nec
412 1624 531 1689 hoc
553 1626 785 1705 quidem
810 1626 1163 1704 supplicium
1194 1624 1542 1687 seditionem
1569 1624 1817 1700 militum.
1838 1624 2039 1685 movit.
2083 1624 2366 1705 Namque

266 1709 567 1789 copiarum
600 1711 780 1772 duces
805 1720 979 1789 atque
1006 1712 1230 1771 amicos
1255 1712 1383 1771 eius
1406 1708 1689 1789 manipuli
1711 1710 1930 1770 adeunt
1949 1718 2259 1789 petenteS,
2287 1720 2364 1784 ut,

265 1794 509 1874 siquos
542 1796 735 1855 adhuc
768 1796 1015 1874 pristina
1064 1800 1216 1857 noxa
1263 1796 1550 1858 iudicaret
1585 1812 1718 1857 esse
1753 1806 2074 1869 contactoS,
2125 1796 2370 1858 iuberet

260 1878 543 1941 interfici:
572 1882 783 1941 offerre
810 1900 875 1941 se
905 1899 1157 1960 corpora
1180 1881 1320 1954 irae,
1354 1882 1688 1943 trucidaret.
1717 1878 1747 1911 ⁴²
1767 1878 1797 1911 '⁸‘
1817 1879 1848 1911 *

160 1971 165 1974 ’
204 1969 242 2031 1
382 1963 559 2048 βαρ.
592 1967 660 2025 V.
717 1965 1085 2038 Intuentibus
1123 1967 1396 2028 lacrimae
1437 1968 1684 2030 obortae
1727 1967 2054 2046 praebuere
2095 1970 2370 2046 speciem

158 2059 165 2118 ἑ
202 2053 245 2115 2
264 2049 382 2111 iam
408 2067 529 2110 non
554 2069 773 2129 regem,
800 2053 906 2112 sed
931 2053 1107 2114 funus
1128 2053 1254 2114 eius
1281 2053 1522 2114 visentis
1549 2053 1856 2115 exercitus.
1902 2053 2142 2114 Maeror
2163 2062 2372 2115 tamen

266 2135 761 2198 circumstantium
787 2137 1002 2201 lectum
1032 2139 1356 2199 eminebat:
1393 2157 1538 2219 quos
1565 2148 1632 2200 ut
1656 2157 1770 2200 rex·
1797 2139 2044 2218 aspexit,
2083 2139 2372 2202 Invenie-

204 2221 360 2296 atis,
380 2222 592 2302 inquit,
620 2243 800 2302 quum
828 2243 1156 2298 excessero,
1190 2225 1430 2302 dignum
1457 2224 1669 2288 talibus
1697 2224 1838 2285 viris
1861 2222 2112 2302 regem?
2161 2224 2374 2288 Incre-

266 2306 444 2370 dibile
483 2308 643 2370 dictu
682 2309 1018 2390 audituque,
1061 2311 1123 2371 in
1165 2311 1374 2372 eodem
1417 2310 1621 2372 habitu
1655 2310 1942 2389 corporis,
1977 2310 2039 2370 in
2083 2327 2278 2390 quem
2307 2331 2370 2372 se

266 2402 701 2473 composuerat,
742 2415 923 2474 quum
946 2395 1313 2475 admissurus
1339 2395 1550 2456 milites
1579 2405 1754 2470 esset,
1797 2387 2057 2468 durasse,
2105 2399 2310 2458 donec
2337 2413 2374 2458 a

263 2485 392 2542 toto
432 2480 689 2540 exercitu
725 2480 869 2542 illud
903 2483 1165 2544 ultimum
1202 2482 1592 2561 persalutatus
1626 2490 1734 2554 est,
1779 2481 2152 2561 dimissoque
2193 2484 2374 2561 vulgo

209 2571 251 2630 4
269 2565 427 2624 velut
460 2566 621 2626 omni
661 2565 807 2627 vitae
844 2568 1040 2630 debito
1066 2567 1345 2628 liberatus
1375 2568 1608 2646 fatigata
1641 2568 1906 2628 membra
1931 2567 2158 2629 reiecit.
2223 2569 2380 2630 Pro-

269 2647 522 2728 piusque
550 2651 711 2712 adire
740 2651 919 2714 iussis
954 2653 1154 2713 amicis
1186 2655 1345 2731 (nam
1384 2661 1442 2714 et
1475 2673 1589 2714 vox
1623 2654 1871 2714 deficere
1897 2653 2014 2714 iam
2049 2652 2382 2733 coeperat)

270 2733 598 2796 detractum
631 2740 872 2800 anulum
920 2739 1101 2816 digito
1138 2738 1454 2800 Perdiccae
1489 2739 1726 2801 tradidit
1761 2739 2007 2802 adiectis
2042 2742 2384 2812 mandatis,

214 2828 251 2885 5
269 2826 337 2880 ut
378 2838 596 2900 corpus
628 2841 799 2884 suum
840 2825 914 2884 ad
948 2823 1340 2886 Hammonem
1381 2825 1520 2886 ferri
1562 2824 1854 2887 iuberent.
1921 2826 2386 2899 Quaerentibus

268 2904 383 2980 his,
424 2906 517 2966 cui
551 2907 909 2987 relinqueret
942 2893 1208 2990 regnum,
1248 2911 1574 2989 respondit,
1625 2909 1697 2985 ei,
1739 2911 1841 2990 qui
1879 2919 2040 2972 esset
2071 2911 2384 2992 optimum

273 2997 536 3054 ceterum
567 2994 877 3071 providere
902 2996 1020 3058 iam
1048 3015 1131 3070 se,
1172 2998 1248 3057 ob
1273 2997 1333 3058 id
1357 3005 1654 3058 certamen
1685 3013 1936 3075 magnos
1961 2997 2276 3061 funebres
2297 3001 2380 3062 lu-

156 3103 163 3108 ·
212 3081 255 3142 6
276 3077 385 3139 dos
408 3079 605 3157 parari
628 3078 758 3141 sibi.
803 3083 1027 3145 Rursus
1051 3082 1330 3143 Perdicca
1351 3081 1769 3162 interrogante,
1795 3084 2034 3161 quando
2069 3086 2374 3147 coelestes

272 3163 533 3225 honores
580 3164 787 3228 haberi
824 3167 935 3228 sibi
970 3167 1159 3240 vellet,
1217 3167 1373 3242 dixit,
1423 3177 1548 3232 tum
1585 3168 1748 3242 velle,
1797 3187 1977 3248 quum
2006 3169 2136 3248 i‘psi
2173 3173 2374 3234 felices

276 3257 495 3312 essent.
541 3251 831 3330 Suprema
856 3253 1005 3314 haec
1020 3271 1131 3313 vox
1155 3253 1262 3314 fuit
1283 3253 1458 3332 regiS,
1481 3262 1541 3317 et
1565 3255 1762 3334 paullo
1788 3264 1928 3335 post
1953 3257 2374 3336 exstinguitur.

215 3334 259 3394 7
288 3385 297 3405 ,
400 3336 487 3396 Ac
514 3336 706 3418 primo
752 3339 985 3419 ploratu
1010 3338 1399 3418 lamentisque
1433 3348 1493 3402 et
1518 3341 1850 3426 planctibus
1877 3350 1996 3402 tota
2021 3342 2204 3421 regia
2249 3361 2374 3426 per·

206 3447 215 3464 x
278 3421 543 3497 sonabat,
580 3443 717 3487 mox
743 3425 903 3486 velut
922 3423 985 3485 in
1013 3433 1173 3486 vasta
1200 3424 1514 3488 solitudine
1541 3427 1734 3488 omnia
1757 3427 1908 3488 tristi
1933 3427 2180 3491 silentio
2217 3438 2382 3492 muta

156 3519 195 3576 ἦ·
280 3507 627 3586 torpebant,
652 3513 728 3574 ad
762 3509 1163 3590 cogitationes,
1215 3512 1353 3590 quid
1392 3512 1606 3574 deinde
1637 3515 1897 3576 futurum
1930 3523 2114 3588 esset,
2159 3516 2388 3578 dolore

222 3583 585 3664 Sconverso.
661 3599 903 3662 Nobiles
946 3597 1450 3676 puericustodiae
1505 3600 1767 3680 corporis
1809 3600 1934 3662 eius
1983 3603 2228 3664 assueti
2281 3619 2390 3665 nec
