2417 3900
250 50 379 111 152
694 46 824 106 DE
869 43 1133 105 GESTIS
1176 40 1606 104 ALEXANDM
1647 37 1886 102 MAGNI

162 232 169 241 .
246 186 387 251 puS,
426 156 576 225 sicut
600 139 796 225 adhuc
820 172 1125 225 cruentum
1155 168 1295 233 erat,
1329 160 1500 221 iussit
1523 157 1748 219 inferri.
1811 158 1943 231 Quo
1967 156 2168 237 posito
2200 164 2345 218 ante

249 254 445 334 ipsum
468 250 724 310 lacrimis
748 250 990 323 obortis,
1037 248 1219 319 Hanc,
1264 246 1467 325 inquit,
1513 242 1724 306 nutrici
1749 262 1914 305 meae
1941 244 2190 321 gratiam
2219 251 2341 305 ret-

250 338 377 412 tuli,
405 334 569 397 cuius
598 337 714 397 duo
741 336 840 395 filii
864 335 1017 413 apud
1038 334 1297 395 Milatum
1325 351 1434 411 pro
1453 348 1583 391 mea
1611 328 1790 408 gloria
1814 330 2148 391 occubuere
2177 348 2342 391 mor·

139 446 149 483 ;
248 433 389 496 tem,
415 421 513 482 hic
537 421 737 494 frater,
764 420 1000 482 unicum
1028 418 1295 480 orbitatis
1317 416 1609 487 solatium,
1641 432 1676 477 a
1701 433 1798 475 me
1821 414 1976 477 inter
2001 414 2212 494 epulas
2243 434 2344 477 oc-

191 514 231 574 9
252 510 411 571 cisus
450 514 561 567 est.
628 508 757 581 Quo
790 525 953 569 nunc
978 524 1047 566 se
1081 505 1344 565 conferet
1376 497 1637 563 misera?
1704 501 1992 562 Omnibus
2019 502 2150 561 eius
2189 520 2340 561 unus

250 610 584 673 supersum,
617 610 793 672 quem
820 593 1011 652 solum
1038 590 1242 669 aequis
1265 589 1446 651 oculis
1473 587 1672 648 videre
1697 605 1817 649 non
1846 587 2081 667 poterit.
2127 586 2206 647 Et
2229 606 2336 665 ego

248 688 614 742 servatorum
657 696 922 739 meorum
953 678 1101 737 latro
1137 684 1400 736 revertar
1431 674 1492 735 in
1530 672 1799 752 patriam,
1847 680 1912 733 ut
1946 690 2024 732 ne
2069 671 2334 733 dextram

248 764 489 845 quidem
530 764 739 826 nutrici
783 763 911 825 sine
946 762 1227 822 memoria
1265 759 1606 821 calamitatis
1643 759 1769 820 eius
1812 760 2026 820 offerre
2062 756 2333 837 possim?

148 860 232 925 10
248 850 324 911 Et
348 868 525 929 quum
561 848 695 909 finis
730 847 985 910 lacrimis
1022 846 1393 925 querelisque
1433 864 1556 905 non
1588 844 1772 919 fieret,
1815 844 1982 909 iussu
2008 845 2330 904 amicorum

148 946 230 1007 11
250 952 467 1013 corpus
499 933 751 994 ablatum
782 940 889 995 est.
933 933 1060 993 Rex
1097 931 1355 992 triduum
1389 930 1566 992 iacuit
1589 929 1874 992 inclusus.
1921 930 2110 1001 Quem
2145 940 2213 991 ut
2241 948 2330 989 ar-

246 1018 459 1097 migeri
506 1017 885 1098 corporisque
928 1019 1203 1080 custodes
1247 1018 1321 1079 ad
1366 1016 1738 1078 moriendum
1782 1015 2148 1076 obstinatum
2190 1033 2330 1074 esse

250 1112 673 1183 cognoverunt,
700 1102 960 1165 universi
984 1105 1044 1164 in
1076 1102 1513 1165 tabernaculum
1537 1102 1870 1181 irrumpunt
1893 1102 2102 1179 diuque
2119 1101 2332 1179 preci-

150 1199 231 1264 12
250 1190 366 1253 hus
387 1191 653 1271 ipsorum
677 1192 1021 1251 reluctatum
1046 1206 1222 1267 aegre
1249 1188 1528 1262 vicerunt,
1558 1197 1621 1250 ut
1645 1188 1838 1249 cibum
1867 1195 2114 1269 caperet.
2155 1186 2330 1259 Quo-

250 1296 368 1357 que
400 1277 595 1338 minus
630 1275 827 1337 caedis
863 1274 1128 1354 puderet,
1172 1274 1301 1335 iure
1333 1275 1700 1335 interfectum
1731 1274 1938 1335 Clitum
1975 1270 2328 1333 Macedones

252 1362 595 1436 decernunt,
622 1362 923 1440 sepultura
950 1379 1182 1440 quoque
1198 1359 1569 1441 prohibituri,
1594 1360 1652 1423 ni
1671 1378 1773 1420 rex
1794 1358 2026 1420 humari
2046 1356 2328 1419 iussisset.

150 1452 230 1517 13
378 1447 563 1525 Igitur
609 1446 815 1508 decem
860 1447 1070 1509 diebus
1113 1446 1365 1508 maxime
1408 1446 1480 1507 ad
1525 1446 1996 1506 confirmandum
2043 1444 2326 1524 pudorem

250 1533 409 1611 apud
429 1530 778 1593 Maracanda
804 1532 1167 1611 consumptis
1187 1549 1320 1592 cum
1340 1540 1508 1610 parte
1527 1530 1815 1591 exercitus
1834 1528 2324 1610 Hephaestionem

247 1616 310 1677 in
332 1619 637 1695 regionem
662 1617 1020 1679 Bactrianam
1045 1618 1203 1678 misit
1227 1623 1586 1678 commeatus
1607 1616 1669 1677 in
1696 1616 1950 1677 hiemem
1972 1623 2324 1695 paraturum.

151 1711 232 1772 14
252 1702 441 1773 Quam
462 1703 607 1763 Clito
628 1711 821 1763 autem
847 1703 1240 1764 destinaverat
1261 1700 1642 1782 provinciam,
1668 1704 1946 1782 Amyntae
1971 1701 2154 1762 dedit.
2199 1700 2322 1779 lpse

247 1786 519 1865 Xenippa
543 1787 831 1865 pervenit.
878 1788 1145 1867 Scythiae
1179 1788 1428 1851 confinis
1462 1797 1551 1849 est
1575 1788 1738 1867 regio
1765 1788 2180 1866 habitaturque
2203 1787 2322 1866 plu-

248 1870 413 1931 ribus
451 1888 521 1931 ac
553 1872 957 1952 frequentibus
993 1873 1157 1945 vicie,
1202 1874 1335 1953 quia
1367 1873 1606 1935 ubertas
1642 1884 1834 1937 terrae
1872 1893 1993 1934 non
2029 1872 2322 1952 indigenas

149 1962 229 2025 15
250 1957 431 2018 modo
460 1957 703 2031 detinet,
730 1959 842 2018 sed
866 1959 1036 2020 etiam
1058 1959 1312 2020 advenas
1337 1959 1558 2022 invitat.
1603 1960 2046 2022 Bactrianorum
2073 1961 2322 2028 exulum,

252 2042 352 2121 qui
386 2043 461 2103 ab
492 2043 827 2104 Alexandro
865 2044 1226 2117 defecerant,
1261 2047 1692 2124 receptaculum
1731 2048 1938 2108 fuerat.
2005 2036 2126 2106 Se'd
2165 2051 2323 2124 post-

250 2145 425 2208 quam
452 2146 653 2207 regem
692 2129 1008 2191 adventare
1032 2139 1398 2211 compertum
1429 2139 1538 2205 est,
1583 2132 1744 2210 pulsi
1765 2133 1838 2193 ab
1877 2131 2086 2198 incolis
2109 2149 2154 2192 11
2181 2129 2322 2190 milia

151 2217 230 2278 16
248 2215 371 2274 fere
398 2222 456 2276 et
482 2215 783 2295 quingenti
809 2225 1260 2295 congregantur.
1330 2217 1552 2278 Omnes
1583 2217 1806 2297 equites
1833 2224 2016 2290 erant,
2065 2216 2241 2278 etiam
2267 2215 2318 2274 in

248 2317 395 2380 pace
430 2300 749 2363 latrociniis
776 2302 1018 2363 assueti:
1068 2311 1195 2364 tum
1235 2303 1451 2370 ferocia
1477 2302 1708 2380 ingenia
1736 2322 1857 2365 non
1884 2301 2100 2364 bellum
2131 2302 2317 2368 modo,

248 2387 357 2447 sed
390 2387 565 2446 etiam
594 2387 817 2466 ¹veniae
858 2387 1186 2467 desperatio
1233 2390 1592 2450 efferaverat.
1659 2389 1858 2468 ltaque
1897 2407 1967 2450 ex
2005 2386 2318 2466 improviso

246 2471 441 2532 adorti
464 2477 792 2550 Amyntam,
828 2484 1159 2552 praetorem
1187 2457 1517 2548 Alexandri,
1551 2473 1650 2534 diu
1679 2493 1898 2554 anceps
1924 2473 2218 2554 proelium
2243 2473 2320 2532 fe-

149 2551 230 2614 1⁷
248 2563 477 2616 nerant:
509 2558 581 2617 ad
602 2558 863 2619 ultimum
886 2573 995 2620 nce
1014 2578 1255 2621 suorum
1277 2559 1526 2633 amissiS,
1545 2579 1794 2638 quorum
1819 2579 1922 2620 ccc
1940 2559 2135 2620 hostis
2159 2558 2318 2637 cepit,

250 2640 467 2700 dedere
496 2649 659 2719 terga
683 2643 1019 2718 victoribuS,
1057 2646 1218 2706 haud
1241 2664 1386 2707 sane
1408 2645 1592 2716 inulti,
1631 2646 1850 2725 quippe
1873 2664 2028 2706 Lxxx
2053 2643 2322 2706 Macedo·-

150 2731 229 2792 18
250 2742 391 2786 num
417 2726 835 2788 interfecerunt
862 2739 1211 2809 praeterque
1239 2750 1344 2792 eos
1373 2750 1478 2792 ccc
1499 2739 1558 2790 et
1581 2749 1618 2790 L
1647 2731 1828 2792 saucii
1855 2730 1988 2791 l'acti
2013 2739 2174 2792 sunt.
2219 2731 2321 2791 Ve—

248 2811 403 2874 niam
429 2817 628 2872 tamen
652 2812 823 2874 etiam
854 2822 990 2892 post
1014 2815 1254 2877 alteram
1279 2817 1665 2878 defectionem
1691 2817 2179 2895 impetraverunt.

147 2899 227 2961 19
376 2895 481 2956 His
510 2896 570 2958 in
599 2899 775 2960 fidem
802 2901 1059 2980 acceptis
1085 2901 1145 2962 in
1170 2901 1490 2980 regionem,
1527 2920 1698 2982 quam
1727 2903 1983 2964 Nautaca
2009 2901 2321 2981 appellant,

244 2999 353 3042 rex
378 3000 507 3043 cum
531 2991 658 3045 toto
684 2987 941 3049 exercitu
966 2986 1141 3050 venit.
1202 2987 1482 3067 Satrapes
1508 2996 1631 3049 erat
1655 2988 2050 3068 SysimtthreS,
2091 2988 2322 3049 duobus
2378 2985 2379 3012 ⁴

248 3085 322 3131 ex
358 3085 464 3130 sua
502 3077 689 3131 matre
726 3072 858 3133 filiis
891 3072 1129 3151 genitis:
1178 3073 1396 3152 quippe
1432 3074 1586 3153 apud
1612 3093 1716 3136 eos
1742 3073 2086 3154 parentibus
2121 3085 2321 3152 stupro
2378 3123 2379 3130 ,

144 3151 227 3215 20
249 3151 407 3253 coire
430 3174 561 3216 cum
590 3156 785 3218 liberis
809 3159 896 3244 fas
926 3167 1035 3220 est.
1080 3157 1138 3218 Is
1161 3159 1398 3220 armatis
1423 3159 1801 3241 popularibus
1827 3161 2022 3221 fauces
2051 3159 2323 3239 regionis

248 3257 363 3317 qua
389 3260 451 3302 in
482 3241 872 3304 arctissimum
900 3243 1143 3323 cogitur,
1181 3243 1378 3306 valido
1401 3245 1766 3307 munimento
1791 3254 2076 3326 sepserat.
2153 3247 2324 3307 Prae·
2378 3281 2379 3292 κ

246 3327 557 3410 terfluebat
586 3336 819 3389 torrens
854 3331 1073 3405 amnis;
1118 3349 1149 3392 a
1184 3339 1352 3410 tergo
1389 3339 1558 3410 petra
1593 3331 1928 3393 claudebat:
1965 3331 2125 3392 hanc
2151 3347 2325 3394 manu
2378 3323 2379 3392 J

146 3405 226 3466 21
248 3412 507 3506 perviam
536 3413 760 3475 incolae
787 3416 1063 3477 fecerant.
1106 3417 1224 3478 Sed
1249 3417 1443 3478 aditus
1471 3435 1682 3496 specus
1708 3415 1914 3496 accipit
1933 3416 2150 3490 lucem,
2177 3419 2324 3478 inte·
2378 3461 2379 3496 1

246 3512 405 3556 nora
436 3500 548 3561 nisi
574 3501 733 3562 illato
764 3501 983 3562 lumine
1011 3503 1262 3564 obscura
1295 3511 1453 3564 sunt.
1516 3503 1842 3583 Perpetuus
1881 3503 2194 3566 cuniculus
2219 3503 2326 3563 iter
