2417 3900
232 81 360 145 168
698 82 797 145 DE
842 80 1103 143 GESTlS
1144 80 1574 142 ALEXANDRI
1613 78 1854 141 MAGNI

122 198 217 275 ΞΞ
233 206 465 281 agreste
490 208 547 261 et
562 198 867 261 horridum
890 216 1076 277 genus
1099 207 1207 273 est,
1233 217 1382 278 quos
1405 196 1702 278 sapientes
1723 202 1952 257 vocant.
1997 196 2170 275 Apud
2195 197 2303 258 hos

230 302 525 367 occupare
548 285 649 346 fati
675 284 831 346 diem
858 284 1183 363 pulchrum,
1215 293 1272 345 et
1297 283 1459 345 vivos
1486 301 1551 344 se
1575 282 1819 345 cremari
1842 281 2065 356 iubent,
2097 281 2304 360 quibus

228 382 331 435 aut
344 370 540 451 segnis
554 380 715 432 aetas
732 379 829 431 aut
842 369 1217 431 incommoda
1231 370 1498 431 valetudo
1515 376 1633 431 est:
1653 374 2042 449 exspectatam
2059 378 2302 429 mortem

223 475 341 541 pro
366 458 657 519 dedecore
686 456 833 517 vitae
854 456 1093 517 habent.
1138 456 1261 516 Nec
1284 456 1438 517 ullus
1461 454 1828 535 corporibus,
1855 469 2006 533 quae
2033 462 2304 515 senectus

228 544 422 618 solvit,
458 543 654 603 honos
675 540 971 603 redditur:
1014 540 1307 621 inquinari
1329 549 1535 619 putant
1557 540 1778 619 ignem,
1815 538 1927 599 nisi
1950 538 2049 618 qui
2076 539 2303 618 spiran-

119 631 213 698 33
229 636 323 692 tes
349 627 574 708 recipit.
616 627 722 702 Illi,
748 627 929 707 quiin
952 626 1199 687 urbibus
1220 626 1470 706 publicis
1493 625 1758 688 moribus
1781 624 2020 704 degunt,
2048 624 2305 687 sidemm

228 723 424 778 motus
450 712 593 774 scite
620 721 889 794 spectare
928 712 1203 773 dicuntur
1237 720 1293 772 et
1323 713 1511 773 sutura
1539 709 1895 793 praedicere.
1956 710 2082 770 Nec
2108 728 2304 790 quem·
2387 701 2389 753 Ι

231 816 407 880 quam
430 800 745 860 admovere
771 798 869 859 leti
893 798 1047 858 diem
1072 798 1337 869 credunt,
1366 796 1458 859 cui
1478 804 1812 878 exspectare
1832 794 2099 857 interrito
2123 796 2304 881 liceat.

124 886 213 949 34
230 885 387 945 Deos
412 891 642 962 putant,
676 883 958 963 quidquid
984 883 1175 943 colere
1202 892 1540 961 coeperunt,
1585 882 1830 943 arbores
1855 880 2127 957 maxime,
2166 900 2302 959 quas

122 970 212 1032 35
233 969 451 1029 violare
478 969 689 1047 capital
712 977 820 1028 est.
882 968 1117 1029 Menses
1142 967 1202 1029 in
1233 968 1442 1048 quinos
1475 969 1662 1030 denos
1690 966 2132 1047 descripserunt
2156 967 2305 1039 dies;

124 1056 213 1118 36
232 1054 371 1115 anni
408 1054 583 1133 plena
609 1053 795 1133 spatia
829 1062 1154 1116 servantur.
1196 1054 1398 1115 Lunae
1420 1073 1599 1116 cursu
1622 1061 1829 1115 notant
1851 1043 2132 1133 tempora,
2167 1071 2305 1123 non,

230 1147 297 1202 ut
322 1138 609 1219 plerique,
656 1157 835 1219 quum
876 1139 1079 1200 orbem
1104 1138 1270 1200 sidus
1294 1139 1573 1219 implevit,
1619 1140 1724 1201 sed
1763 1157 1942 1218 quum
1969 1157 2036 1199 se
2069 1156 2308 1197 curvare

233 1225 427 1304 coepit
443 1225 503 1285 in
525 1243 763 1299 cornua,
788 1225 1079 1287 etidcirco
1102 1224 1400 1287 breviores
1419 1225 1641 1287 habent
1655 1243 1913 1297 menseS,
1938 1223 2037 1303 qui
2057 1222 2306 1301 spatium

126 1310 213 1374 37
232 1328 439 1372 eorum
465 1311 537 1371 ad
564 1310 726 1372 hunc
763 1310 937 1371 lunae
964 1311 1204 1371 modum
1233 1310 1508 1389 dirigunt.
1552 1311 1731 1374 Multa
1767 1318 1825 1391 et
1849 1308 1959 1369 alia
1983 1310 2306 1379 traduntur,

233 1396 446 1474 quibus
473 1395 689 1456 morari
720 1396 987 1457 ordinem
1014 1414 1214 1457 rerum
1239 1396 1396 1457 haud
1421 1414 1564 1457 sane
1589 1414 1806 1476 operae
1829 1394 2157 1456 videbatur.

177 1478 212 1539 1
364 1482 521 1560 Cap.
546 1482 618 1542 X.
665 1481 847 1559 Igitur
867 1482 1196 1543 Alexandro
1221 1482 1368 1542 fines
1387 1481 1588 1543 Indiae
1604 1481 1874 1561 ingresso
1900 1479 2159 1559 gentium
2181 1495 2306 1539 sua-

232 1583 363 1626 rum
387 1566 573 1651 reguli
598 1575 981 1628 occurrerunt
1000 1568 1288 1647 imperata
1309 1566 1534 1641 facturi,
1573 1566 1736 1628 illum
1772 1567 2009 1628 tertium
2035 1565 2178 1626 Iove
2217 1581 2308 1642 ge-

236 1650 421 1712 nitum
451 1652 523 1711 ad
550 1652 714 1731 ipsos
740 1652 1083 1731 pervenisse
1108 1661 1530 1713 memorantes:
1579 1652 1810 1714 Patrem
1837 1652 2117 1713 Liberum
2145 1658 2307 1729 atque

234 1734 550 1796 Herculem
588 1738 743 1797 sama
774 1736 1046 1816 'cognitos
1084 1756 1248 1811 esse,
1287 1738 1478 1817 ipsum
1515 1757 1712 1800 coram
1750 1726 1969 1799 xadesse
2015 1736 2307 1814 cernique.

174 1823 216 1884 2
236 1820 361 1880 Rex
384 1819 636 1897 benigne
659 1830 938 1900 exceptos
964 1823 1132 1902 sequi
1154 1822 1342 1895 iussit,
1366 1822 1576 1884 iisdem
1599 1823 1873 1885 itinerum
1898 1822 2152 1883 ducibus
2175 1840 2308 1883 usu-

236 1922 359 1966 rus·
423 1904 693 1967 Ceterum
722 1924 905 1985 quum
930 1907 1176 1987 amplius
1202 1925 1378 1968 nemo
1413 1918 1772 1984 occurreret,
1815 1908 2308 1989 Hephaestionem

114 2007 128 2078 ⁸.
236 1997 296 2050 et
316 1989 656 2052 Perdiccam
680 2009 808 2054 cum
836 1993 1135 2072 copiarum
1172 2003 1338 2073 parte
1361 1995 1662 2074 praemisit
1687 1995 1761 2056 ad
1790 1994 2173 2074 subigendoS,
2220 1991 2312 2072 qui

113 2085 127 2116 ⁴
234 2085 650 2139 aversarentur
673 2076 1013 2156 imperium:
1058 2079 1349 2159 iussitque
1375 2081 1451 2141 ad
1489 2082 1709 2145 flumen
1733 2080 1942 2143 Indum
1971 2080 2310 2160 procedere,

234 2169 296 2222 et
322 2159 547 2240 navigia
574 2163 786 2238 facere,
814 2168 944 2244 quis
970 2163 1031 2225 in
1058 2165 1337 2227 ulteriora
1361 2166 1746 2247 transportari
1777 2171 1984 2247 posset
2005 2165 2312 2228 exercitus.
2402 2194 2414 2242 ι,

167 2245 217 2307 3
236 2246 340 2320 Illi,
386 2247 520 2326 quia
555 2250 724 2328 plura
757 2249 1000 2312 flumina
1024 2253 1358 2332 superanda
1385 2263 1566 2327 erant,
1612 2253 1698 2314 sic
1730 2253 1975 2314 iunxere
2006 2270 2208 2326 naves,
2251 2257 2312 2311 ut

172 2333 218 2392 4
238 2333 465 2394 solutae
497 2333 773 2414 plaustris
799 2336 930 2398 vehi
954 2347 1197 2417 possent
1231 2357 1551 2418 rursusque
1578 2337 1873 2418 coniungi.
1915 2339 2064 2399 Post
2088 2355 2154 2398 se
2177 2336 2314 2398 Cra-

232 2421 363 2480 tEro
400 2438 533 2480 cum
570 2421 863 2501 phalange
896 2421 1058 2485 iusso
1096 2423 1264 2502 sequi
1296 2423 1611 2503 equitatum
1640 2443 1710 2485 ac
1743 2425 1929 2487 levem
1957 2430 2314 2484 armaturam

140 2521 147 2529 ·
237 2505 450 2577 eduxit,
476 2524 717 2585 eosque,
746 2505 845 2585 qui
871 2515 1264 2583 occurrerant,
1287 2509 1402 2569 levi
1425 2509 1646 2589 proelio
1669 2510 1731 2570 in
1754 2511 1960 2571 urbem
1985 2509 2314 2588 proximam

178 2599 218 2657 5
239 2589 537 2667 compulit.
588 2591 709 2651 Iam
740 2602 1155 2670 supervenerat
1184 2594 1480 2657 Craterus·
1545 2596 1747 2676 Itaque
1781 2604 1842 2656 ut
1868 2592 2162 2676 principio
2199 2603 2314 2654 ter-

236 2691 433 2734 rorem
453 2674 741 2736 incuteret
763 2677 920 2753 genti
941 2680 1199 2741 nondum
1223 2697 1382 2740 arma
1401 2681 1790 2743 Macedonum
1816 2688 2114 2761 expertae,
2139 2695 2315 2760 prae-

240 2758 395 2837 cipit,
430 2777 506 2820 ne
534 2761 623 2822 cui
652 2770 1003 2839 parceretur,
1032 2765 1410 2831 munimentis
1435 2765 1615 2840 urbis,
1663 2785 1836 2845 quam
1862 2765 2198 2842 obsidebat,
2227 2765 2316 2826 in-

176 2847 220 2907 6
240 2843 451 2940 censiS.
498 2846 767 2907 Ceterum
797 2847 937 2908 dum
967 2849 1266 2928 obequitat
1291 2851 1618 2924 moenibuS‚
1643 2853 1851 2932 sagitta
1871 2852 2022 2915 ictus
2051 2859 2162 2913 est.
2210 2852 2317 2914 Ce-

236 2936 325 3008 plt
354 2937 552 2990 tamen
586 2931 866 3009 oppidum
907 2942 964 2995 et
997 2935 1270 2997 omnibus
1308 2937 1516 2998 incolis
1553 2937 1678 3000 eius
1713 2937 2016 3002 trucidatis
2051 2937 2236 2999 etiam
2261 2936 2312 2998 in

234 3021 389 3076 tecta
415 3015 695 3078 saevitum
725 3025 833 3079 est.

177 3100 221 3161 7
366 3100 511 3161 Inde
534 3102 753 3162 domita
776 3103 1019 3181 ignobili
1042 3112 1214 3183 gente
1242 3106 1316 3166 ad
1337 3105 1553 3186 Nysam
1578 3105 1783 3168 urbem
1807 3105 2094 3187 pervenit.
2140 3105 2310 3167 Forte

240 3185 447 3246 castris
468 3197 603 3248 ante
620 3186 748 3267 ipsa
766 3189 1000 3250 moenia
1019 3188 1081 3248 in
1100 3189 1346 3252 silvestri
1367 3192 1497 3252 loco
1523 3191 1732 3271 positis
1755 3202 2112 3255 nocturnum
2135 3193 2310 3272 frigus

238 3272 644 3334 vehementius
664 3291 837 3352 quam
862 3273 1005 3334 alias
1026 3274 1275 3336 horrore
1295 3295 1545 3354 corpora
1567 3278 1775 3353 affecit,
1797 3286 2308 3359 opportunumque

180 3351 566 3420 8remedium
601 3358 755 3438 ignis
782 3359 1040 3421 oblatum
1069 3369 1175 3423 est.
1242 3360 1439 3422 Caesis
1467 3363 1684 3444 quippe
1709 3365 1868 3426 silvis
1889 3363 2195 3426 flammam
2223 3379 2312 3424 ex-

241 3441 579 3520 citaverunt,
612 3463 762 3525 quae
786 3444 906 3523 igni
930 3445 1066 3506 alito
1091 3444 1523 3526 oppidanorum
1552 3451 1822 3529 sepulcra
1848 3448 2318 3529 comprehendit.

236 3523 477 3591 Vetusta
498 3531 677 3592 cedro
700 3538 866 3592 erant
882 3531 1031 3592 facta
1051 3541 1514 3612 conceptumque
1535 3534 1729 3613 ignem
1747 3538 1862 3600 late
1877 3533 2106 3614 fudere,
2127 3535 2324 3599 donec

2009 3806 2414 3851 lu-Ll-*w'
