2417 3900
2 587 27 618 a
3 382 9 573 τύψ-

41 3095 49 3112 ἱ

55 3211 72 3324 ἱ

55 3431 94 3529 1

153 3704 162 3715 o

635 121 779 184 Lm.
823 121 924 184 111.
969 122 1072 203 (ιι)
1135 113 1293 211 ω».
1337 125 1382 185 1.
1443 123 1685 186 5-24,
2168 127 2209 185 s
2303 190 2307 197 ,

160 255 478 318 aggressus
521 239 804 304 iniecerat
837 258 1036 303 curam
1051 288 1066 315 ,
1103 259 1182 302 ne
1228 241 1289 302 in
1324 260 1501 303 omen
1526 249 1847 304 verteretur
1866 242 2099 305 irn'tum
2118 243 2212 306 in·-

161 333 418 404 ceptum.
499 324 604 386 Ille
641 326 1040 406 nequidquam
1075 326 1176 386 diu
1214 326 1463 388 luctatus
1502 346 1633 388 cum
1666 327 1981 390 latentibus
2016 329 2209 406 nodis,
2235 327 2317 388 18

155 411 344 484 Nihil,
385 409 602 488 inquit,
639 412 916 485 interest,
964 411 1260 489 quomodo
1300 414 1626 474 solvantur:
1670 412 1979 491 gladioque
2022 415 2212 493 ruptis

161 495 437 570 omnibus
459 496 603 558 loris
631 496 854 558 oraculi
873 507 1092 558 sortem
1117 497 1208 556 vel
1224 498 1397 558 elusit
1416 499 1507 558 vel
1526 497 1805 576 implevit.

263 581 484 651 -Quum
510 581 725 642 deinde
753 583 1028 654 Dareum,-
1068 581 1401 661 ubicunque
1432 589 1605 654 esset,
1652 597 1943 662 occupare
1970 582 2214 642 statuis·
2236 588 2315 649 19

159 673 280 738 set,
321 674 388 725 ut
413 683 446 724 a
481 675 651 744 tergo
679 675 802 728 tuta
838 667 1225 746 relinqueret,
1273 668 1695 748 Amphoterum
1734 665 1907 728 classi
1942 666 2016 728 ad
2052 683 2219 728 oram

163 750 554 830 Hellesponti,
599 751 784 830 copiis
830 761 1026 812 autem
1065 753 1351 832 praefecit
1390 753 1819 831 Hegelochum,
1858 752 2117 814 Lesbum
2160 759 2222 812 et

162 835 374 898 Chium
400 835 699 916 Coumque
722 837 1032 918 praesidiis
1056 837 1317 902 hostium
1340 839 1706 902 liberaturos.
1772 833 1879 900 His
1901 839 2119 900 talenta
2140 837 2217 898 ad
2238 839 2321 904 20
2350 915 2356 923 ι

161 921 300 984 belli
345 939 518 984 usum
545 923 884 1003 ⁴quingenta
933 923 1259 1000 attributa,
1300 925 1377 986 ad
1418 925 1787 1005 Antipatrum
1836 931 1895 987 et
1939 942 2069 997 eos,
2118 922 2220 1004 qui

165 1007 418 1068 Graecas
461 1010 642 1070 urbes
687 1010 1027 1083 tuebantur,
1075 1019 1351 1072 sexcenta
1395 1010 1606 1086 missa3
1652 1029 1723 1070 ex
1764 1010 2005 1071 foedere
2039 1026 2218 1070 naves
2332 1005 2335 1012 “

167 1092 346 1154 sociis
396 1092 742 1173 imperatae,
775 1113 968 1176 quae·
996 1095 1381 1176 Helles-ponto
1429 1095 1857 1176 praesiderent.
1944 1094 2222 1156 Nondum
2240 1093 2324 1154 21

162 1179 322 1240 enim
348 1177 722 1248 Memnonem
758 1181 874 1243 vita
918 1181 1244 1244 excessisse
1276 1191 1654 1261 cognoverat,
1702 1181 1767 1241 in
1800 1197 1981 1257 quem
2016 1195 2225 1238 omnes

161 1265 498 1326 intenderat
543 1283 746 1339 curas,
804 1265 945 1328 satis
995 1285 1232 1345 gaarma,
1280 1275 1488 1330 cuncta
1537 1267 1601 1326 in
1642 1263 1921 1343 expedito
1962 1264 2121 1336 rore,
2176 1263 2227 1322 si

161 1347 308 1410 nihil
348 1349 422 1410 ab
475 1367 546 1408 eo
593 1358 950 1411 moveretur.
1017 1352 1259 1430 Iamque
1306 1353 1379 1412 ad
1418 1351 1636 1412 urbem¹
1666 1350 1953 1429 Ancham
1986 1353 2226 1410 ventum
2244 1353 2329 1414 22

171 1446 326 1507 erat,
360 1431 465 1492 ubi
495 1450 744 1494 numero
781 1433 1083 1514 copiarum
1121 1436 1266 1496 inito
1298 1433 1757 1514 Paphlagoniam
1792 1435 1991 1496 intrat.
2078 1432 2230 1494 Huic

167 1516 354 1579 iuncti
403 1524 570 1578 erant
608 1517 852 1594 Heneti,
892 1519 1054 1580 unde
1099 1519 1335 1597 quidam
1372 1521 1629 1580 Venetos
1666 1519 1897 1580 trahere
1946 1517 2229 1594 originem
2258 1574 2265 1580 .

169 1603 440 1664 credunt.
509 1601 720 1666 Omnis
757 1605 906 1666 haec
948 1603 1113 1683 regio
1160 1605 1356 1683 paruit
1394 1606 1551 1683 regi,
1608 1604 1875 1683 datisque
1922 1601 2229 1664 obsidibus
2248 1605 2333 1667 23

165 1689 480 1763 tributum,
530 1690 690 1768 quod
711 1707 788 1750 ne
809 1689 1009 1752 Persis
1039 1688 1277 1771 quidem
1295 1690 1598 1764 tulissent,
1652 1689 1913 1768 pendere
1940 1707 2019 1750 ne
2054 1677 2231 1766 co'ge-

165 1786 404 1848 rentur,
463 1773 941 1856 impetraverunt.
1030 1775 1196 1838 Calas
1240 1777 1380 1840 huic
1426 1775 1655 1856 regioni
1692 1773 2068 1856 praepositus
2111 1779 2230 1834 est:
2248 1775 2334 1837 24

165 1859 300 1941 ipse
337 1861 683 1941 assumptis,
703 1939 708 1944 ς
727 1859 826 1941 qui
857 1879 931 1924 ex
967 1861 1310 1924 Macedonia
1344 1880 1539 1942 nuper
1576 1863 1955 1935 advenerant,
2003 1857 2233 1938 Cappa-

171 1945 402 2009 dociam
427 1947 612 2026 petiit.
2350 1972 2353 1975 ·

195 2077 202 2084 .
305 2033 468 2111 Cap.
494 2032 568 2094 11.
615 2030 766 2113 (lv.)
821 2032 896 2093 At
917 2032 1142 2094 Dareus
1175 2034 1449 2095 nunciata
1480 2032 1813 2094 Memn-enis
1848 2036 2041 2091 morte
2074 2027 2233 2091 haud
2259 2028 2291 2090 1
2354 2104 2358 2108 ·

171 2135 348 2179 secus
379 2134 553 2196 quam
575 2135 684 2198 par
710 2126 834 2179 erat
859 2127 1076 2195 motuS,
1123 2118 1343 2179 omissa
1367 2118 1529 2179 omni
1561 2118 1671 2180 alia
1698 2134 1833 2196 spe,
1882 2112 2087 2176 statuit
2104 2112 2236 2192 ipse
2316 2168 2333 2183 ,

173 2204 532 2265 decernere:
585 2202 830 2281 quippe,
883 2220 1033 2279 quae
1071 2220 1181 2282 per
1207 2204 1389 2263 duces
1424 2221 1567 2263 suos
1612 2209 1743 2261 acta
1778 2208 1977 2273 erant,
2028 2206 2238 2260 cuncta
2352 2242 2356 2246 -

169 2288 512 2361 damnabat,
561 2296 742 2360 ratuS‚
783 2286 1050 2366 pluribus
1075 2304 1295 2359 curam,
1340 2286 1614 2349 omnibus
1638 2284 1899 2345 abfuisse
1922 2285 2237 2344 fortunam.

169 2373 363 2451 Igitur
385 2372 592 2433 castris
615 2371 690 2434 ad
715 2370 1074 2450 Babylfinem
1100 2372 1327 2450 positiS‚
1359 2388 1476 2449 quo
1500 2368 1723 2431 maiore
1746 2366 1941 2429 animo
1962 2384 2235 2446 capesse·
2252 2366 2295 2427 2

169 2466 311 2520 rent
334 2458 584 2533 bellum,
632 2457 934 2521 universas
967 2455 1124 2520 vires
1159 2456 1221 2517 in
1257 2462 1641 2535 conspectum
1676 2452 1861 2527 dedit,
1909 2460 1969 2515 et
1986 2451 2237 2515 circum-

177 2545 318 2605 dato
342 2544 513 2617 valle,
564 2543 724 2625 quod
753 2543 958 2605 decem
979 2540 1200 2604 milium
1228 2550 1584 2605 armatorum
1607 2539 2039 2603 multitudinem
2062 2557 2240 2619 cape-

175 2636 298 2699 ret,
343 2628 570 2691 Xerxis*
589 2629 854 2708 exemplo
891 2645 1199 2689 numerum
1258 2628 1557 2707 copiarum
1603 2626 1752 2689 iniit.
1816 2624 1961 2687 Orto
2002 2626 2128 2687 sole
2164 2624 2239 2685 ad
2259 2631 2302 2691 3

179 2721 420 2776 noctem
447 2714 695 2793 agmina,
716 2753 721 2758 -
741 2716 893 2775 sicut
919 2712 1213 2791 descripta
1242 2721 1423 2789 erant,
1468 2714 1759 2776 intravere
1793 2712 2025 2773 vallum.
2092 2710 2242 2773 Inde

180 2807 618 2877 occupaverunt
641 2798 854 2861 emissa
873 2796 1329 2877 Mesopotamiae
1352 2817 1611 2881 campoe,
1658 2797 1920 2878 equitum
1943 2797 2243 2878 peditum-

186 2902 304 2963 que
346 2886 780 2963 propemodum
823 2884 1281 2946 innumerabilis·
1304 2885 1507 2957 turba,
1570 2884 1855 2947 maiorem
1912 2901 2087 2963 qnam
2130 2900 2239 2961 pro
2342 2882 2348 2895 ³

183 2987 436 3030 numero
457 2969 718 3049 speciem
745 2988 973 3048 gerens,
1017 2970 1331 3031 Persarum
1352 2979 1519 3033 erant
1539 2979 1771 3033 centum
1794 2969 1971 3041 milia,
2024 2968 2085 3028 in
2112 2970 2240 3045 quls
2262 2969 2303 3027 4

186 3072 372 3133 eques
392 3054 630 3133 triginta
661 3054 814 3116 milia
853 3055 1151 3135 implebat.
1195 3054 1353 3117 Medi
1381 3056 1583 3118 decem
1622 3055 1907 3134 equitum,
1956 3054 2244 3132 quinqua-

189 3138 358 3219 ginta
379 3138 532 3200 milia
561 3142 823 3219 peditum
842 3140 1159 3202 habebant.
1228 3140 1627 3203 Barcanorum
1653 3140 1911 3219 equitum
1946 3140 2063 3199 duo
2090 3135 2248 3197 milia
2265 3136 2304 3193 5

185 3226 376 3298 suere,
423 3226 629 3287 armati
651 3224 1010 3307 bipennibus
1042 3226 1387 3305 levibusque
1410 3226 1589 3288 scutis
1614 3234 1807 3287 cetrae
1828 3225 2081 3285 maxime
2108 3234 2247 3296 spe-

190 3309 342 3372 ciem
379 3310 796 3374 reddentibus:
843 3310 1106 3392 peditum
1150 3312 1355 3375 decem
1396 3310 1552 3373 milia
1595 3312 1723 3391 pari
1766 3316 1993 3371 armatu
2034 3318 2241 3397 seque·

185 3396 428 3458 bantur.
512 3396 768 3458 Armenii
805 3396 1182 3477 quadraginta
1220 3397 1379 3459 milia
1416 3397 1699 3457 miserant
1732 3396 1994 3473 peditum
2033 3388 2245 3457 addms
2272 3381 2312 3439 6

191 3490 425 3561 septem
461 3480 697 3542 milibus
723 3482 1001 3563 equitum.
1045 3482 1295 3561 Hyrcani
1327 3480 1565 3559 egregii,
1600 3488 1666 3541 nt
1696 3479 1851 3538 inter
1871 3476 2000 3535 illas
2026 3480 2247 3549 gentes,

193 3586 302 3629 sex
344 3564 505 3627 milia
557 3566 934 3646 expleverant
975 3566 1187 3629 additis
1229 3566 1524 3647 equitibus
1564 3564 1895 3625 militatura.
1970 3556 2247 3617 Derbices
2269 3550 2307 3611 7
