2417 3900
254 121 340 182 28
685 119 788 185 DE
833 119 1094 182 GESTIS
1137 117 1573 183 ALEXANDRI
1610 117 1857 180 MAGNI

259 241 496 322 quidem
544 225 896 318 cognatione
945 239 1114 320 stirpi
1157 237 1355 317 regiae
1398 255 1726 312 annexum,
1776 237 1885 298 sed
1932 235 2011 298 ob
2056 237 2332 319 inopiam

154 334 238 395 20
259 327 663 400 suburbanum
690 327 926 390 hortum
953 325 1160 406 exigua
1191 322 1481 386 colentem
1506 324 1675 404 stipe.
1736 323 1959 386 Caussa
1985 323 2039 384 ei
2064 341 2334 405 paupe-r-

259 415 420 486 tatiS,
461 414 613 475 sicut
639 413 968 494 plerisque,
1004 410 1271 494 probitas
1312 419 1468 486 erat,
1502 409 1885 491 intentusque
1910 409 2077 489 operi
2102 411 2332 474 diurno

259 498 567 579 strepitum
605 518 938 580 armorum,
981 497 1083 581 qui
1117 505 1301 561 totam
1338 497 1539 560 Asiam
1584 506 1997 573 concusserat,
2052 515 2175 558 non
2220 515 2335 560 ex-

93 648 106 652 -
260 586 551 648 audiebat.

156 673 236 734 21
389 671 594 732 Subito
623 669 854 746 deinde,
881 671 958 732 de
977 670 1192 751 quibus
1219 678 1357 736 ante
1384 669 1605 730 dictum
1632 675 1741 741 est,
1772 686 1903 730 cum
1928 668 2125 747 regiae
2142 670 2334 732 vestis

259 757 588 834 insignibus
615 759 856 820 hortum
886 756 1143 832 intrant,
1189 773 1365 836 quem
1400 756 1552 816 forte
1585 753 1819 814 steriles
1844 754 2061 816 herbas
2097 755 2333 834 eligens

156 842 241 903 22
261 843 688 906 Αὴάαἰοηῖηιιιε
724 842 1101 922 repurgabat.
1186 842 1338 904 Tum
1380 859 1523 920 rege
1558 857 1627 900 eo
1658 840 1909 902 salutato
1936 841 2081 902 alter
2116 859 2187 901 ex
2210 842 2335 917 hie,

259 927 536 1000 Habitus,
578 928 795 1008 inquit,
837 926 962 1003 hie,
1007 946 1182 1007 quem
1222 925 1411 990 cernis
1445 928 1507 988 in
1531 924 1680 987 meis
1704 925 2005 1000 manibuS,
2053 945 2181 992 eum
2208 927 2339 988 isto

259 1015 534 1092 squalore
559 1014 987 1092 permutandus
1015 1013 1122 1076 tibi
1159 1022 1270 1075 est.
1355 1013 1543 1074 Ablue
1572 1029 1789 1092 corpus
1815 1011 2014 1074 illuvie
2038 1013 2337 1074 aeternis-

260 1118 375 1178 que
401 1099 678 1166 sordibus
713 1098 1076 1179 squalidum:
1117 1117 1264 1179 cape
1286 1099 1443 1178 regis
1468 1097 1756 1172 animum,
1798 1106 1857 1158 et
1888 1098 1950 1158 in
1978 1112 2103 1158 eam
2136 1100 2337 1160 fortu-

261 1203 428 1257 nam,
467 1185 833 1263 qua.dignus
869 1203 962 1259 eS,
995 1186 1169 1246 istam
1195 1184 1615 1248 continentiam
1650 1185 1871 1264 profer.
1956 1184 2030 1245 Et
2056 1175 2235 1264 quum
2266 1185 2335 1246 in

263 1270 449 1348 regali
479 1271 627 1332 solio
653 1269 973 1344 residebis,
1017 1272 1168 1353 vitae
1194 1272 1478 1350 necisque
1505 1270 1771 1331 omnium
1796 1269 2007 1332 civium
2030 1271 2330 1345 dominuS,

267 1375 406 1419 cave
445 1356 804 1418 obliviscaris
837 1356 1012 1418 huius
1053 1365 1269 1432 statuS‚
1314 1357 1381 1420 in
1417 1375 1535 1436 quo
1568 1355 1783 1435 accipis
1820 1353 2101 1435 regnum,
2144 1357 2332 1417 immo

163 1441 246 1503 23
265 1442 534 1515 hercule,
570 1451 814 1521 propter
839 1460 1034 1521 quem.
1122 1442 1367 1506 Somnio
1394 1441 1598 1504 similis
1624 1459 1721 1502 res
1744 1442 2137 1520 Abdalonimo
2163 1443 2335 1502 vide-

267 1529 472 1590 batur:
497 1528 812 1601 interdum‚
841 1528 1062 1589 satisne
1091 1529 1222 1590 sani
1248 1538 1467 1602 essent,
1498 1527 1599 1608 qui
1623 1537 1743 1588 tam
1770 1536 2045 1607 proterve
2064 1529 2178 1588 sibi
2197 1529 2334 1589 illu-

271 1614 496 1686 derent,
523 1615 998 1692 percontabatur.
1079 1615 1198 1675 Sed
1226 1623 1290 1676 ut
1314 1613 1611 1676 cunctanti
1634 1615 1876 1693 squalor
1896 1615 2129 1676 ablutus
2156 1623 2247 1674 est
2274 1623 2336 1676 et
2405 1679 2406 1682 ,

161 1695 168 1702 ’
269 1693 701 1765 iniecta'vestis
741 1701 1008 1778 purpura
1045 1718 1309 1779 auroque
1346 1700 1617 1762 distincta
1644 1708 1715 1778 ‘et
1744 1700 1894 1760 fides
1932 1719 1965 1760 a
2002 1701 2334 1762 iurantibus
2404 1699 2406 1708 ⁴

166 1791 250 1855 24
271 1786 437 1857 facta,
465 1785 621 1847 serio
647 1786 764 1846 iam
789 1803 894 1846 rex
911 1783 1130 1846 iisdem
1155 1785 1468 1848 comitibus
1496 1785 1557 1846 in
1580 1786 1802 1864 regiam
1824 1786 2111 1864 pervenit.
2155 1786 2336 1846 Fama

273 1870 516 1942 deinde,
546 1879 611 1931 ut
634 1871 810 1944 solet,
849 1879 1090 1931 strenue
1114 1879 1238 1933 tota
1265 1872 1413 1932 urbe
1438 1871 1743 1932 discurrit:
1781 1873 2029 1934 aliorum
2053 1873 2333 1944 studium,

269 1957 518 2019 aliorum
558 1956 880 2035 indignatio
929 1958 1251 2021 eminebat:
1298 1958 1619 2019 ditissimus
1660 1958 1905 2037 quisque
1946 1958 2334 2020 humilitatem

166 2043 249 2105 25
269 2041 648 2120 inopiamque
694 2043 819 2103 eius
863 2043 1020 2121 apud
1066 2043 1285 2105 amicos
1331 2042 1641 2104 Alexandri
1692 2044 2125 2106 criminabatur.
2212 2044 2339 2104 Ad-

269 2128 420 2189 mitti
459 2146 594 2189 eum
623 2147 727 2191 rex
759 2129 1027 2207 protinus
1070 2129 1243 2191 iussit
1281 2128 1497 2208 diuque
1536 2130 1991 2209 contemplatuS,
2034 2130 2336 2210 Corporis,

267 2213 484 2293 inquit,
533 2215 764 2278 habitus
802 2217 990 2277 famae
1039 2214 1271 2293 generis
1316 2233 1437 2275 non
1472 2224 1791 2293 repugnat:
1838 2218 1945 2276 sed
1984 2214 2127 2277 libet
2162 2216 2335 2291 scire,

268 2298 532 2378 inopiam
561 2320 676 2380 qua
705 2302 984 2379 patientia
1009 2298 1259 2363 tuleris?
1287 2302 1437 2363 Tum
1462 2301 1576 2373 ille,
1604 2300 1855 2373 Utinam,
1883 2302 2094 2380 inquit,
2120 2303 2339 2363 eodem

271 2385 470 2447 animo
511 2405 762 2463 regnum
807 2387 928 2468 pati
968 2386 1221 2466 possim!
1282 2386 1405 2447 Hae
1449 2404 1660 2447 manus
1707 2388 1994 2448 suffecere
2040 2387 2338 2449 desiderio

170 2474 254 2536 26
275 2488 436 2531 meo:
485 2467 629 2533 nihil
653 2472 894 2533 habenti
920 2472 1062 2533 nihil
1089 2472 1291 2534 defuit.
1380 2472 1624 2550 Magnae
1660 2472 1873 2533 indolis
1920 2474 2222 2553 specimen
2268 2491 2343 2533 ex

271 2555 389 2615 hoc
429 2572 708 2617 sermone
739 2557 1114 2620 Abdalonimi
1151 2558 1325 2637 cepit.
1409 2557 1614 2636 Itaque
1650 2576 1773 2619 non
1813 2558 2105 2621 Stratonis
2150 2559 2337 2621 modo

273 2639 495 2715 regiam
531 2641 951 2719 supellectilem
991 2642 1227 2704 attribui
1260 2642 1313 2702 ei
1349 2643 1550 2716 iussit,
1594 2643 1700 2703 sed
1734 2642 2017 2723 pleraque
2050 2644 2228 2705 etiam
2270 2662 2343 2705 ex

271 2725 508 2872 Pgrsica
544 2728 788 2805 praedm,
829 2727 1132 2807 regionem
1167 2747 1401 2807 quoque
1432 2729 1564 2789 urbi
1602 2729 1931 2808 appositam
1966 2730 2172 2793 ditioni
2210 2730 2343 2791 eius

277 2828 313 2871 a
357 2811 513 2873 iecit.

174 2902 260 2968 27
406 2896 636 2961 Interea
672 2899 978 2977 Amyntas,
1033 2916 1209 2976 quem
1248 2898 1323 2961 ad
1356 2900 1569 2960 Persas
1602 2900 1675 2961 ab
1714 2900 2044 2961 Alexandro
2076 2900 2343 2961 transfu-

279 2982 438 3060 gisse
466 2982 716 3046 diximus
731 3031 746 3054 ,
774 3002 908 3045 cum
932 2991 1208 3063 quattuor
1228 2984 1461 3047 milibus
1480 2985 1864 3061 Graecorum,
1900 2986 2097 3065 ipsum
2120 3002 2194 3044 ex
2220 2985 2344 3045 acie

277 3070 685 3149 persequutiS‚
720 3070 858 3146 fuga
895 3068 1162 3149 Tripolin
1193 3072 1482 3150 pervenit.
1566 3073 1709 3134 Inde
1744 3071 1809 3132 in
1840 3089 2025 3133 naves
2056 3069 2345 3155 militibus

276 3152 567 3234 impositis
591 3156 844 3234 Cyprum
887 3155 1245 3226 transmisit,
1292 3167 1350 3217 ct
1395 3176 1573 3236 quum
1618 3158 1678 3218 in
1716 3156 1816 3217 illo
1856 3166 2009 3218 statu
2048 3172 2247 3217 rerum
2283 3155 2344 3214 id

279 3258 592 3321 quemque,
627 3242 785 3321 quod
809 3249 1178 3321 occupasset,
1211 3243 1545 3305 habiturum
1564 3242 1959 3314 arbitraretur,
1992 3242 2155 3313 velut
2176 3249 2343 3301 certo

280 3326 410 3391 iure
436 3344 801 3407 possessum,
837 3327 1161 3409 Aegyptum
1189 3334 1394 3408 petere
1418 3328 1693 3401 decrevit,
1732 3328 1968 3407 utrique
1993 3328 2121 3405 regi
2144 3326 2345 3389 hostis

177 3416 265 3479 28
284 3422 344 3478 et
363 3432 599 3494 semper
618 3433 691 3476 ex
713 3413 950 3493 ancipiti
971 3415 1295 3479 mutatione
1316 3422 1647 3493 temporum
1670 3414 1961 3493 pendens.
2026 3410 2348 3493 Hortatus-

286 3518 400 3563 ⁴*tue
425 3501 636 3563 milites
661 3502 738 3563 ad
761 3518 930 3579 spem
949 3495 1146 3565 tantae
1169 3500 1257 3563 rei
1282 3500 1483 3574 docet,
1532 3501 1798 3561 Satacem
1814 3546 1831 3572 ,
1865 3507 2205 3579 praetorem
2216 3496 2347 3595 >Ae-

366 3586 463 3663 ati,
505 3588 790 3656 cecidisse
811 3586 876 3649 in
895 3588 1042 3664 acie,
1076 3588 1395 3649 Persarum
1414 3585 1775 3667 praesidinm
1800 3594 1859 3647 et
1880 3585 2009 3649 sine
2030 3584 2185 3647 duce
2210 3600 2349 3663 mse
2405 3666 2406 3673 ἵ

2204 3734 2272 3865 s
