2417 3900
563 103 706 172 Lm.
750 109 847 171 iv.
891 105 1227 197 (u.)›scA1›.
1268 107 1419 171 vm.
1470 107 1717 198 1N—11.
2087 109 2171 170 as

231 227 392 308 Gap.
443 227 595 290 vm.
651 228 996 288 Alexander
1035 227 1110 286 ab
1150 228 1481 308 Hammone
1530 231 1771 292 rediens
1818 241 1885 290 ut
1934 229 2009 290 ad
2053 231 2175 291 Ma·
2198 231 2234 292 1

104 315 302 382 reatin·
319 313 780 394 paludemnaud
809 311 1018 392 procul
1045 313 1452 376 insula'Pharo
1480 317 1652 377 sitam
1680 315 1859 390 venit,
1913 325 2178 378 contem-

103 401 294 480 platus
323 400 446 468 loci
471 399 1027 477 naturamprimum-
1062 397 1126 458 in
1147 397 1288 477 ‚ipsa
1308 400 1499 464 insula
1524 409 1809 464 statuerat
1832 401 2039 462 urbem
2062 422 2176 464 no·

103 505 231 548 vam
261 487 545 549 condere.
631 484 800 558 Inde,
849 493 914 546 ut
947 484 1217 564 apparuit
1248 503 1497 565 magnae
1530 489 1689 550 sedis
1724 489 1980 550 insulam
2018 487 2175 550 haud
2196 489 2236 552 2

101 591 384 654 capacem
413 589 565 646 esse,
615 570 796 650 elegit·
815 570 947 632 urbi
971 573 1184 645 locum,
1231 571 1333 633 ubi
1358 591 1518 636 nunc
1542 583 1632 637 est
1656 575 2028 647 Alexandr1a‚
2074 593 2181 655 ap·
2290 571 2295 578 ’

99 659 487 740 pollutionem
510 657 754 720 trahens
779 676 851 718 ex
872 657 1119 718 nomine
1141 659 1425 721 auctoris,
1515 660 1880 743 Complexus
1894 660 2179 742 quidquid

95 747 339 809 lociest
371 743 528 806 inter
551 743 823 824 paludem
861 752 918 807 et
930 752 1102 805 'mare
1143 746 1445 824 octoginta
1478 747 1807 808 stadiorum
1844 745 2027 808 muris
2054 765 2181 808 am—

100 830 623 906 bitumsdflestinat,
669 838 748 906 et,
795 831 892 909 qni
933 831 1335 893 aedificandae
1378 833 1510 894 urbi
1550 841 1913 914 praeessent,
1938 834 2177 897 ,relictis
2255 826 2267 837 '

96 915 408 995 Memphin
427 916 596 998 petit.
681 917 910 998 Cupido
925 916 1084 979 haud
1116 916 1337 983 iniusta
1362 919 1621 1000 quidem,
1672 929 1932 982 ceterum
1959 921 2177 982 intern-
2198 917 2239 980 3

95 1001 334 1084 pestiaea
364 1003 693 1066 incesserat
726 1023 860 1065 non·
885 1003 1167 1066 interiora
1200 1007 1381 1066 modo
1408 1006 1671 1088 Aegypti,
1720 1007 1826 1069 sed
1863 1006 2037 1069 etiarn
2061 1009 2180 1068 Ae·-

95 1088 386 1169 thi'opiam
415 1089 704 1153 invisere.
791 1089 1128 1154 Memnonis
1164 1091 1527 1173 Tithonique
1564 1095 1855 1155 celebrata
1890 1092 2055 1170 regia
2082 1109 2183 1154 co-

98 1177 484 1256 gnoscendae
517 1175 833 1238 vetustatis
872 1177 1107 1237 avidum
1157 1178 1425 1238 trahebat
1458 1196 1651 1258 paene
1686 1186 1850 1239 extra
1891 1179 2183 1238 terminos

97 1262 264 1324 solis.
344 1263 468 1324 Sed
491 1261 810 1323 imminens
835 1262 1086 1335 bellum,
1101 1262 1266 1324 cuius
1290 1265 1474 1324 multo
1502 1265 1691 1325 maior
1718 1271 2029 1344 supererat
2054 1281 2182 1324 mo·
2203 1265 2271 1322 4·

95 1351 210 1422 leS,
248 1348 482 1410 otiosae
499 1347 965 1426 'peregrinationi
987 1357 1257 1432 tempora
1292 1358 1608 1410 exemerat.
1694 1347 1899 1431 Itaque
1920 1350 2182 1430 Aegypto

97 1434 394 1516 praefecit
415 1433 772 1511 Aeschylum
791 1432 1092 1493 Rhodium
1119 1440 1178 1493 et
1201 1433 1535 1495 Peucesten
1562 1435 1966 1508 Macedonem,
2016 1444 2187 1514 quat-

96 1531 242 1583 tuor
261 1519 500 1582 milibus
524 1519 770 1580 militum
793 1517 854 1579 in
883 1517 1247 1598 praesidium
1274 1519 1531 1598 regionis
1558 1521 1681 1582 eius
1710 1521 1893 1597 datis3
1933 1521 2185 1582 claustra

95 1606 220 1669 Nili
259 1606 524 1668 fluminis
544 1605 928 1668 Polemonem
959 1603 1112 1666 tueri
1145 1603 1336 1679 iubet3
1388 1606 1624 1686 triginta
1659 1607 1732 1668 ad
1762 1607 1879 1668 hoc
1911 1605 2185 1669 triremes

97 1696 300 1756 datae.
384 1692 614 1754 Africae
661 1691 895 1766 deinde,
947 1709 1060 1770 qua
1099 1692 1365 1772 Aegypto
1408 1693 1607 1754 iuncta
1654 1702 1761 1768 est,
1806 1693 2247 1775 praepositus5

91 1777 479 1858 Apollonium,
529 1777 908 1857 vectigalibus
941 1777 1209 1841 eiusdem
1248 1779 1477 1840 Africae
1516 1781 1875 1862 Aegyptique
1915 1782 2186 1843 Cleome-

94 1883 241 1928 neS.
323 1863 697 1926 &finitimis
725 1865 972 1926 urbibus
996 1865 1387 1943 commigrare
1414 1867 1827 1930 Alexandriam
1863 1867 2043 1928 iussis
2070 1885 2183 1928 no—

94 1969 238 2015 vam
265 1952 472 2013 urbem
497 1968 711 2031 magna
736 1952 1109 2015 multitudine
1131 1953 1414 2031 implevit.
1496 1954 1681 2016 Fama
1702 1964 1813 2029 est,
1866 1972 2047 2035 quum
2074 1972 2183 2015 rex
2200 1950 2241 2011 6

95 2038 314 2103 urbem
339 2038 546 2100 suturis
573 2039 758 2123 muris
782 2040 1038 2118 polenta,
1077 2048 1142 2101 ut
1167 2038 1559 2101 Macedonum
1584 2059 1716 2101 mos
1742 2050 1847 2113 est,
1888 2040 2185 2101 destinas-

97 2134 218 2197 set,
265 2124 456 2185 avium
495 2142 712 2203 greges
735 2125 1042 2184 advolasse
1068 2134 1128 2185 et
1159 2125 1400 2202 polenta
1436 2126 1569 2184 esse
1592 2133 1824 2203 pastas:
1882 2142 2186 2203 quumque

97 2212 162 2273 id
193 2226 376 2270 omen
400 2226 510 2288 pro
537 2210 689 2271 tristi
713 2226 748 2268 a
773 2209 1074 2287 plerisque
1099 2218 1261 2269 esset
1292 2216 1618 2287 acceptum,
1667 2208 2054 2285 respondisse
2085 2224 2187 2267 va-

97 2306 227 2370 tes,
285 2308 564 2372 magnam
603 2295 762 2355 illam
809 2293 1024 2354 urbem·
1058 2293 1421 2354 advenarum
1466 2294 1864 2373 frequentiam
1908 2293 2194 2353 culturam

100 2380 430 2460 multisque
455 2398 584 2440 eam
611 2379 786 2441 terris
815 2380 1088 2439 alimenta
1114 2378 1532 2457 praebituram.
1595 2396 1607 2401 ’

237 2467 484 2546 Regem,
534 2482 716 2547 quum
766 2465 1031 2527 secundo
1077 2482 1251 2525 amne
1302 2464 1615 2537 deflueret,
1665 2462 1900 2543 assequi
1946 2463 2189 2543 cupiens
2210 2462 2252 2525 7

102 2556 351 2627 Hector,
371 2552 782 2615 Parmenionis
799 2551 972 2627 filine,
999 2551 1210 2613 eximio
1232 2552 1439 2613 aetatis
1458 2550 1623 2625 flore,
1642 2550 1704 2611 in
1724 2550 1927 2631 paucis
1939 2552 2191 2613 Alexan-

107 2641 224 2702 dro
243 2658 440 2714 carus,
471 2637 1040 2720 parvumnavigium
1071 2639 1433 2713 conscendit,
1460 2636 1750 2719 pluribuS,
1777 2656 1951 2718 quam
1978 2654 2190 2718 capere

103 2734 338 2807 posset,
362 2725 671 2806 impositis,
763 2726 968 2805 Itaque
987 2742 1184 2786 mersa
1205 2726 1367 2787 navis
1390 2744 1596 2787 omnes
1624 2724 1913 2787 destituit:
1955 2724 2191 2800 Hector,
2212 2722 2253 2785 8

107 2813 214 2877 diu
237 2812 468 2875 flumini
503 2815 850 2887 obluctatuS,
904 2830 1083 2891 quum
1117 2812 1363 2873 madens
1394 2816 1576 2875 vestis
1605 2821 1661 2872 et
1686 2812 1905 2875 astricti
1934 2812 2191 2897 crepidis

103 2900 304 2981 pedes
329 2909 538 2962 natare
563 2900 970 2980 prohiberent,
1001 2901 1059 2961 in
1086 2900 1275 2978 ripam
1309 2907 1503 2961 tamen
1534 2898 1894 2962 semianimis
1925 2899 2109 2961 evasit
2132 2906 2207 2973 et,

103 2995 176 3049 ut
203 2985 464 3066 primum
489 2988 760 3067 fatigatus
785 2986 1052 3066 spiritum
1080 2985 1312 3060 laxavit,
1363 3006 1537 3067 quem
1562 2994 1753 3047 metus
1782 2995 1840 3047 et
1866 2987 2192 3067 periculum

101 3070 468 3145 intenderat,
517 3075 676 3135 nullo
705 3073 1016 3136 adiuvante
1045 3072 1297 3153 (quippe
1320 3072 1389 3134 in‘
1414 3072 1713 3135 diversum
1738 3080 2046 3134 evaserant
2072 3069 2193 3141 alii)

103 3158 484 3221 exanimatus
541 3170 647 3223 est.
732 3158 950 3221 Amissi
997 3159 1123 3219 eius
1176 3158 1473 3220 desiderio
1518 3160 1898 3221 vehementer
1941 3150 2250 3218 afflictus9

103 3252 223 3321 est,
274 3255 696 3326 repertamque
736 3264 951 3325 corpus
995 3246 1305 3324 magnifico
1354 3246 1556 3308 extulit
1599 3247 1824 3307 funere.
1916 3236 2196 3303 Oneravit

101 3333 282 3395 huno
323 3333 593 3393 dolorem
629 3332 876 3393 nuncius
911 3324 1115 3393 mortis
1152 3331 1567 3405 Andromachi,
1617 3351 1793 3411 quem
1830 3327 2195 3410 praefecerat

107 3419 356 3500 Syriae:
415 3418 608 3480 vivum
655 3418 979 3479 Samaritae
1025 3430 1447 3481 cremaverant.
1535 3417 1623 3479 Ad
1671 3418 1839 3479 cuius
1896 3408 2195 3505 interitum
2217 3403 2296 3465 10

107 3506 565 3580 vindicandum,
619 3511 836 3584 quanta
865 3504 1110 3565 maxima
1139 3502 1435 3565 celeritate
1459 3503 1666 3583 potuit,
1716 3494 2052 3565 contendit,
2089 3494 2196 3555 ad-
2234 3498 2241 3506 “

107 3593 502 3675 venientique
539 3598 682 3655 sunt
715 3590 911 3653 traditi
948 3590 1092 3653 tanti
1127 3590 1368 3652 sceleris
1405 3598 1694 3651 auctores,
1782 3581 2197 3679 Andromacho
2221 3576 2297 3636 ll
